1915 3338
258 197 364 245 140

255 314 290 365 ἰδ’

697 200 1350 245 ΔΗΜΟΣΘΕΝΟΎΣ

332 340 624 409 ἦμαρτυξια
663 339 950 402 γέγξαπταί,
993 339 1058 366 ort
1101 339 1164 367 705
1208 307 1347 382 ψευδῆ
1388 314 1710 406 μεμαρτυξὶὴκῖ

255 391 578 461 λελευκωμένον
609 415 657 442 ΤΕ
693 415 780 483 γαρ
817 414 915 442 ΕΟἻἻ
957 412 1035 440 nou
1071 386 1242 440 omo-&ev
1279 412 1713 459 noereffnevoetrpeevov.

255 485 405 515 καιτοι
441 489 543 523 τους
574 490 651 535 μεν
687 465 750 516 τοὶ
783 487 1098 538 πεπραγμενοι
1136 488 1467 538 μαρτυρουντας
1506 487 1715 555 προσ-ηκει

254 535 429 589 οἴκοθεν
465 563 552 597 τας
588 563 837 615 μαρτυριας
867 561 1295 609 κατεσκευασμενας
1310 548 1578 625 μαρτυρεῖν,
1618 561 1718 595 τους

254 608 297 662 δε
347 637 434 670 τοις
478 612 747 687 προκλησεις
783 635 1113 687 μαρτυρουντας
1153 636 1254 670 τους
1288 612 1385 664 οἷπο
1422 635 1717 682 ταυτοματου

251 736 321 755 cum
338 727 408 756 dote
423 727 601 766 reliquerat,
619 731 650 756 et
666 728 696 756 in
714 737 779 756 eam
795 737 858 755 rem
874 730 968 755 testes

251 770 407 807 producit,
424 770 504 800 inter
518 781 594 808 quos
615 770 801 807 Stephanum
820 768 971 798 Meneclis

252 812 290 840 F.
307 817 338 841 et
352 813 496 850 Scytham
520 813 680 842 Harmatei
697 813 732 841 F.
747 812 799 849 qui
816 812 854 840 de
874 811 969 840 Phor-

252 854 363 883 mionis
387 856 605 894 provocatione
634 855 714 895 apud
738 855 893 884 dioetetam
917 858 970 883 aut

248 897 387 934 jndicem
404 898 546 932 tribulem
561 899 650 934 facta,
662 909 722 938 qua
736 901 970 937 provocaverat,

252 940 284 967 ni
308 941 450 970 Pasionis
473 941 648 971 testamenti
678 941 852 980 exemplum
875 946 969 974 esset,

250 983 332 1020 quod
350 982 379 1011 in
395 984 536 1015 echinum
553 986 737 1023 conjecerat,
753 994 851 1022 neque
867 983 971 1013 condi-

249 1025 366 1055 tionem
395 1027 432 1056 ab
461 1028 653 1066 Apollodoro
683 1033 840 1067 acceptam
867 1025 970 1055 testati

250 1074 335 1097 sunt.
376 1070 446 1099 Hoc
462 1081 494 1099 se
515 1070 688 1100 testimonio
705 1081 772 1099 cum
787 1079 967 1109 oppressum

249 1111 368 1142 diceret
391 1113 612 1151 Apollodorus,
636 1114 701 1153 egit
724 1115 872 1143 adversus
902 1114 970 1141 Ste-

250 1154 386 1193 phanum
403 1155 660 1198 ψεοδομαρτυριῶνε
683 1157 776 1195 (Nam
790 1157 848 1186 etsi
865 1156 969 1194 plures

252 1207 289 1226 ea
307 1198 345 1227 de
363 1209 394 1227 re
412 1201 516 1229 testati
537 1204 650 1235 essent,
673 1200 786 1230 licebat
802 1199 970 1239 quemlibet

252 1250 360 1270 eorum
377 1242 503 1278 eligere,
520 1243 571 1281 qui
587 1244 727 1272 damnum
749 1243 808 1275 sibi
824 1243 903 1272 falso
924 1247 968 1271 te-

251 1283 397 1314 stimonio
421 1286 539 1315 illatum
568 1285 760 1325 resarciret.)
805 1287 848 1316 Ac
872 1286 971 1325 prima

252 1327 390 1357 oratione
413 1339 480 1357 cum
499 1329 626 1368 probare
649 1339 812 1367 aggressus
829 1333 922 1363 esset,
939 1332 970 1357 et

249 1369 361 1399 falsum
378 1381 447 1400 esse
464 1372 611 1410 Stephani
634 1372 853 1405 testimouium,
872 1378 900 1400 et
918 1372 969 1411 ju-

249 1411 334 1442 dicio
358 1418 465 1443 contra
487 1425 519 1443 se
543 1415 614 1444 dato
638 1424 760 1444 causam
787 1414 969 1452 praebuisse,

251 1457 387 1486 secunda
422 1457 568 1496 Stephani
605 1457 812 1486 defensionem
850 1457 969 1486 diluere

249 1500 399 1529 tentabat.
433 1500 565 1535 Dicebat
579 1500 674 1539 igitur
690 1500 897 1540 Apollodorus
913 1500 970 1528 sal-

250 1551 317 1571 sum
335 1553 403 1572 esse
420 1542 568 1581 Stephani
585 1542 810 1579 testimonium3
833 1542 969 1580 quando-

251 1585 376 1624 quidem
387 1595 445 1615 non
453 1586 572 1615 viderat
582 1592 697 1625 patrem
710 1597 794 1615 suum
806 1590 970 1615 testamen-

249 1632 315 1657 tum
327 1629 499 1665 facientem,
510 1639 564 1658 nec
573 1629 750 1659 interfuerat
760 1640 828 1658 cum
840 1628 865 1657 is
876 1633 968 1657 testa-

248 1676 384 1702 mentum
396 1673 525 1710 faceret;
543 1672 716 1702 testimonia
727 1677 827 1701 autem
837 1682 904 1700 esse
916 1672 970 1700 de-

250 1714 324 1743 bere
333 1716 371 1744 de
379 1726 422 1751 re,
431 1726 520 1754 quarn
529 1715 596 1754 quis
608 1716 722 1744 viderat
731 1720 783 1745 aut
793 1715 918 1748 sciebat,
928 1714 971 1744 ita

249 1761 285 1786 ut
295 1767 384 1787 nemo
397 1759 435 1788 de
446 1759 552 1787 auditu
568 1758 672 1787 testari
684 1759 792 1797 possit,
802 1758 859 1787 nisi
873 1758 971 1787 tribus

247 1800 384 1835 casibus,
394 1812 462 1831 cum
476 1802 533 1837 is,a
544 1812 603 1840 quo
613 1802 684 1840 quid
694 1798 829 1830 audiisse
837 1801 971 1836 dicebat,

252 1850 336 1874 esset
359 1851 508 1879 mortuus,
533 1845 581 1874 vel
604 1846 726 1880 absens,
751 1845 800 1874 vel
821 1844 969 1873 infirmus.

251 1889 300 1918 Ac
325 1898 394 1918 cum
417 1889 583 1928 replicaret
603 1888 788 1926 StephannS,
812 1898 844 1917 se
869 1898 968 1926 neque

251 1933 291 1962 de
316 1936 510 1965 testamento,
533 1941 630 1970 neque
656 1932 694 1960 de
718 1931 762 1960 his
787 1941 853 1969 quae
878 1931 908 1959 in
930 1941 966 1960 eo

250 1975 368 2014 scripta
380 1980 476 2011 erant,
489 1974 696 2004 testimonium
711 1974 842 2008 dixisse,
860 1975 913 2002 sed
929 1974 967 2003 de

248 2018 424 2048 conditione
441 2017 631 2057 Apollodoro
651 2017 753 2047 delata
773 2028 790 2046 a
807 2016 968 2046 Phormio-

245 2070 298 2096 ne,
311 2062 370 2102 πεξῖ
387 2061 572 2101 argouwe-eme
584 2060 612 2090 ἓν
629 2059 747 2102 Φορμίων
762 2059 967 2099 ωξούκαλὲο-α-

247 2115 302 2134 ’τοι
326 2115 418 2143 quare
435 2106 515 2143 quod
532 2104 666 2139 dixerat,
685 2113 742 2132 non
759 2114 829 2132 esse
842 2103 968 2142 proprie

249 2148 417 2189 μαρτυρίαν,
430 2149 484 2178 sed
496 2146 657 2188 πρόκλησιν,
666 2146 828 2185 regerebat
841 2146 968 2185 Apollo·

250 2191 358 2226 dorus,
374 2191 517 2229 primum,
529 2191 641 2219 nullam
654 2201 724 2220 esse
740 2188 890 2230 πρόκλησιν
903 2189 966 2219 sine

248 2233 393 2267 testibus,
412 2238 503 2272 atque
526 2243 606 2268 eum,
630 2233 681 2272 qui
701 2233 904 2273 ωξούκοιλεῖτο,
922 2236 967 2263 te-

249 2280 314 2306 stes
343 2276 500 2311 adhibere,
527 2276 597 2315 quia
620 2276 708 2305 aliter
732 2286 791 2305 non
814 2280 969 2305 constaret

246 2318 310 2358 ‘mei
334 2319 529 2359 προκλήσεως.
567 2318 700 2354 Deinde,
718 2318 904 2358 Stephanum
929 2319 968 2348 de

249 2361 398 2391 Pasionis
414 2365 598 2391 testamento
614 2372 682 2390 esse
698 2365 853 2396 testatum,
869 2362 968 2400 deque

248 2402 290 2434 iis
314 2415 381 2442 quae
405 2404 434 2434 in
458 2415 494 2434 eo
517 2404 634 2442 scripta
650 2414 718 2433 esse
742 2405 876 2440 dicebat,
898 2414 968 2433 cum

249 2447 334 2487 patri
350 2457 405 2476 suo
423 2447 546 2476 testanti
559 2457 618 2476 non
635 2447 785 2482 affuisset,
799 2457 855 2475 nec
874 2447 969 2476 sciret

250 2489 326 2529 quid
363 2490 393 2519 in
432 2491 497 2527 ejus
527 2493 711 2518 testamento
747 2489 969 2518 contineretur.

250 2532 345 2569 Quod
362 2532 387 2561 si
405 2532 534 2566 diceret,
551 2532 584 2560 id
605 2542 637 2561 se
654 2532 813 2569 accepisse
833 2542 850 2560 a
870 2532 968 2561 Phor-

250 2575 364 2611 mione,
388 2578 478 2613 atque
500 2574 648 2608 audiisse,
673 2575 746 2612 quid
774 2574 850 2603 illud
878 2578 970 2603 testa-

251 2623 387 2651 mentum
409 2617 590 2652 contineret,
612 2617 719 2646 falsum
744 2627 811 2646 esse
831 2617 970 2646 testimo-

249 2662 347 2696 nium,
363 2671 432 2690 cum
449 2670 537 2689 nemo
554 2661 593 2689 de
615 2670 651 2688 eo
667 2660 750 2699 qnod
774 2659 885 2694 nescit,
899 2660 970 2698 quia

251 2715 311 2734 non
329 2703 408 2735 vidit
423 2706 476 2732 aut
496 2712 551 2735 non
568 2702 706 2731 interfuit
726 2712 794 2730 cum
811 2707 969 2741 gereretur

250 2745 406 2780 testificari
424 2745 536 2784 possit,
552 2744 609 2774 nisi
630 2744 669 2773 iis
686 2745 820 2780 casibus,
842 2744 894 2782 qui
918 2755 968 2774 su-

250 2800 306 2830 pra
329 2786 487 2826 observati
515 2791 593 2817 sunt.
639 2787 781 2825 Denique
808 2787 905 2821 addit,
932 2798 968 2816 ex

249 2834 298 2873 ips
285 2843 318 2861 sa
335 2841 455 2875 quoqne
467 2830 588 2860 tabellae
600 2830 706 2864 forma,
719 2840 787 2869 quae
799 2829 968 2858 testimoni-

251 2886 301 2904 um
313 2876 378 2912 ejus
389 2873 572 2907 continebat,
579 2871 713 2911 agnosci,
720 2872 925 2900 testimonium
935 2872 967 2901 id

250 2927 319 2946 esse
333 2918 371 2946 de
387 2927 431 2951 re,
442 2917 481 2945 de
493 2926 552 2955 qua
567 2914 727 2964 injudicio
743 2916 898 2954 agebatur,
909 2925 967 2943 non

252 2959 415 2999 πρόκλησιν,
431 2959 453 2991 i.
468 2969 495 2988 e.
512 2957 716 2987 testimonium
734 2956 795 2996 περι
810 2957 966 2996 πξοκλήσε-

251 3013 305 3037 mr:
329 3001 480 3042 siquidem
497 3001 610 3032 tabella
627 3010 660 3032 ei
662 3004 693 3032 at
708 2999 850 3031 dealbata
865 3004 894 3031 et
910 3000 966 3030 do

1004 727 1044 755 mi
1061 732 1177 765 parata,
1195 737 1264 756 cum
1280 727 1315 763 ii,
1331 727 1383 766 qui
1401 731 1552 757 testantur
1570 726 1629 768 περὶ
1646 738 1719 767 ωρο-

1002 769 1263 803 κλήσεωςροἱεᾶηῑ
1272 770 1383 800 ceratis
1393 771 1515 804 tabulis,
1528 781 1602 809 quas
1615 781 1719 799 secum

1003 816 1121 849 gerant,
1137 812 1282 848 scribere,
1293 817 1326 841 ut
1338 813 1441 841 delere
1453 813 1583 852 possint,
1596 813 1720 848 addere,

1004 860 1055 884 aut
1085 854 1255 890 detrahere,
1282 855 1362 893 quod
1393 856 1517 885 videant
1546 856 1720 885 addendum

1004 902 1054 926 aut
1070 897 1440 928 detrahendum—Aliud
1455 902 1553 928 autem
1567 903 1615 927 est
1625 909 1721 938 γραμ-

1004 941 1124 977 ματεῖον
1142 939 1358 981 λελευκωμένον,
1379 946 1410 970 et
1430 941 1489 970 alia
1511 941 1595 970 illius
1619 951 1724 971 causa.

1005 985 1124 1021 Nempe
1140 988 1236 1013 testes
1254 985 1340 1023 ipsos
1361 984 1526 1022 providere
1548 985 1722 1023 oportebat,

1003 1037 1040 1055 ne
1058 1027 1131 1066 quid
1148 1028 1178 1057 in
1196 1028 1258 1056 suis
1271 1027 1382 1056 tabulis
1394 1027 1558 1061 deleretur,
1572 1027 1722 1067 adjicere-

1004 1073 1063 1105 tur,
1085 1075 1138 1099 aut
1162 1075 1340 1105 mutaretur,
1364 1071 1443 1099 unde
1463 1071 1533 1100 salsi
1555 1070 1723 1100 testimonii

1003 1114 1159 1143 accusatio
1195 1112 1370 1143 concinnari
1407 1114 1559 1152 quondam
1595 1118 1722 1152 posset;

1003 1166 1096 1194 quare
1113 1167 1164 1186 eas
1185 1157 1266 1186 domi
1285 1157 1443 1196 parabant,
1462 1161 1492 1186 et
1510 1160 1620 1196 postea
1636 1156 1722 1186 obsi-

1002 1201 1145 1237 gnabant,
1172 1210 1208 1229 ne
1230 1210 1289 1239 qua
1307 1200 1389 1229 fraus
1411 1200 1474 1228 fieri
1498 1202 1614 1241 posset,
1641 1209 1720 1228 neve

1003 1243 1116 1280 aperiri
1130 1248 1265 1282 possent,
1284 1243 1342 1272 uisi
1358 1242 1528 1281 injudicio.
1553 1242 1646 1271 creta
1661 1242 1722 1280 igi-

1003 1290 1053 1314 tur
1067 1287 1176 1315 annulo
1198 1286 1346 1326 impressa
1363 1296 1398 1314 ea
1419 1285 1630 1324 obsignabant,
1652 1295 1720 1323 quae

1004 1329 1144 1367 signandi
1160 1330 1236 1358 ratio
1250 1330 1392 1367 frequens
1404 1332 1468 1358 erat
1481 1329 1563 1367 apud
1579 1329 1718 1358 Graecos.

1004 1372 1088 1409 Ergo
1104 1373 1128 1401 si
1145 1382 1204 1410 qua
1225 1371 1399 1401 testimonia
1414 1372 1600 1410 apparebant
1621 1378 1721 1400 creta-

1004 1414 1042 1443 tis
1058 1420 1089 1444 et
1105 1415 1253 1444 dealbatis
1270 1414 1383 1444 tabulis
1397 1414 1567 1453 obsignata,
1584 1424 1620 1443 ea
1635 1415 1720 1443 dice-

1004 1457 1054 1486 bat
1080 1458 1305 1487 Demosthenes
1327 1458 1410 1487 domi
1436 1462 1540 1496 parata
1561 1467 1659 1496 neque
1683 1468 1721 1486 ex

1004 1499 1173 1538 improviso
1187 1501 1321 1539 scripta:
1339 1511 1405 1535 nam
1419 1511 1486 1539 qua:
1502 1500 1603 1529 subito
1616 1506 1647 1530 et
1658 1511 1674 1530 e
1686 1510 1720 1529 re

1003 1547 1072 1572 nata
1089 1543 1312 1579 scribebantur,
1330 1543 1424 1573 veluti
1450 1543 1510 1582 περὶ
1534 1543 1721 1583 προκλήσεως,

1002 1586 1112 1615 ceratis
1140 1586 1260 1621 tabulis,
1284 1597 1350 1624 quae
1377 1587 1476 1618 solitae
1503 1590 1533 1615 et
1560 1586 1721 1615 ordinariae

1003 1634 1098 1663 erant,
1120 1629 1212 1658 scribi
1235 1629 1336 1665 solita,
1353 1634 1386 1658 ut
1401 1629 1442 1658 ibi
1464 1634 1579 1658 mutare
1595 1635 1723 1669 possent

1003 1671 1023 1699 oi
1039 1673 1254 1711 μαξτυςοῦντες,
1267 1673 1347 1711 qnod
1361 1672 1536 1702 mutandum
1551 1677 1721 1717 censerent,

1004 1725 1052 1744 cu·
1056 1725 1072 1743 n
1095 1715 1131 1744 ad
1154 1715 1329 1745 testimonia
1349 1715 1403 1745 illa
1423 1715 1649 1751 adhiberentur,
1666 1695 1721 1746 de·

1004 1763 1130 1796 repente
1153 1758 1266 1796 saepius
1291 1769 1346 1788 nec
1367 1758 1452 1798 prius
1473 1757 1512 1787 iis
1529 1758 1718 1788 denuntiato.

1005 1800 1066 1830 His
1083 1801 1125 1830 ita
1142 1801 1306 1840 expositis,
1326 1800 1541 1831 Demosthenis
1562 1801 1654 1830 verba
1676 1802 1718 1831 fa-

1004 1843 1065 1873 cile
1088 1844 1310 1883 intelligentur.
1341 1845 1403 1874 Sed
1420 1844 1492 1883 qnid
1512 1843 1554 1873 ibi
1574 1844 1661 1880 dicit,
1677 1848 1718 1875 ’τὰ

1004 1886 1195 1928 πεπραγμένα
1215 1888 1381 1928 μαρτυςεῖν.)
1417 1889 1526 1917 Nonne
1546 1897 1613 1925 quae
1638 1888 1667 1916 in
1692 1887 1719 1918 ἐν

1004 1931 1041 1971 ’τῇ
1056 1931 1203 1970 προκλήσει
1221 1935 1305 1969 gesta
1321 1935 1400 1965 sunt,
1422 1935 1494 1959 sunt
1507 1930 1597 1959 etiam
1610 1941 1718 1970 πεπρα-

1001 1973 1111 2013 maim?
1155 1975 1233 2006 Sunt
1251 1983 1343 2010 sane3
1363 1974 1417 2002 sed
1434 1973 1506 2012 quia
1523 1983 1580 2002 non
1598 1974 1633 2002 ad
1653 1984 1716 2002 rem

1000 2017 1110 2055 ipsam,
1126 2027 1194 2056 quae
1210 2017 1292 2046 litem
1307 2016 1413 2052 movit,
1430 2015 1591 2054 pertinent,
1608 2017 1659 2046 sed
1678 2017 1716 2046 ad

1000 2060 1126 2089 formam
1150 2064 1180 2089 et
1201 2059 1424 2089 confectionem
1453 2061 1503 2092 ’τῆς
1529 2059 1717 2099 προκλήσεως,

1000 2103 1070 2133 ideo
1087 2105 1127 2133 τὰ
1140 2102 1416 2143 πεπεοιγμὲνοιμῃυεε
1433 2107 1501 2131 sunt
1516 2112 1532 2133 e
1544 2102 1718 2131 visceribus

1001 2157 1112 2182 causae,
1129 2148 1165 2176 ab
1182 2147 1251 2176 istis
1268 2151 1397 2186 separat.
1433 2144 1471 2174 Ιιι
1487 2144 1587 2175 Ant'm.
1605 2147 1635 2174 in
1652 2146 1719 2175 Sal-

1001 2200 1071 2219 mas.
1089 2190 1168 2220 Obss.
1183 2190 1222 2218 ad
1238 2189 1295 2219 Jus
1312 2189 1348 2218 A.
1365 2194 1390 2219 et
1405 2187 1447 2218 R.
1462 2188 1549 2217 LVI.
1564 2198 1591 2218 c.
1608 2188 1715 2228 X1.§,

1000 2234 1044 2262 ΙΙ.
1064 2234 1127 2263 111.
1152 2233 1360 2264 HERALDUS.

1043 2277 1112 2309 Τοὺς
1141 2275 1169 2305 δὲ
1206 2278 1260 2309 τοὶς
1298 2274 1463 2316 προκλήσεις
1491 2275 1717 2315 μαρτυξοῧντοις,

1001 2318 1060 2348 καὶ
1084 2320 1148 2352 τοὺς
1163 2318 1220 2348 ἀπὸ
1235 2318 1424 2358 ταύτομάτου
1439 2318 1642 2358 προστάντας]
1667 2319 1718 2348 Ita.

1003 2362 1210 2391 scribendum.
1255 2363 1334 2391 Nam
1358 2361 1476 2390 diversi
1507 2365 1587 2395 sunt,
1618 2362 1639 2390 οἱ
1664 2363 1719 2394 τὰς

1001 2405 1168 2445 προκλήσεις
1186 2405 1402 2444 μοιςτυςοῧντες,
1419 2403 1530 2442 quibus
1546 2403 1717 2432 testimoni-

1003 2457 1052 2477 um
1077 2448 1145 2486 lege
1166 2447 1417 2482 denunchxbatur,
1437 2451 1479 2481 et,
1501 2446 1522 2475 oi
1538 2445 1595 2475 ἀπὸ
1610 2446 1717 2475 ταύτο-

1001 2490 1100 2529 μάτου
1120 2490 1304 2530 προστάντες,
1321 2499 1397 2527 qnos
1421 2499 1511 2518 casus
1528 2488 1559 2518 in
1583 2499 1616 2517 re
1641 2489 1717 2528 ‘prae-

1003 2533 1081 2562 senti
1098 2533 1200 2564 dabat.
1246 2533 1310 2561 Ista
1326 2533 1387 2561 duo
1413 2542 1524 2570 genera
1547 2531 1668 2561 testium
1685 2532 1717 2561 in

1002 2575 1130 2609 maltha,
1150 2575 1180 2603 h.
1193 2585 1220 2603 e.
1242 2574 1273 2603 in
1290 2573 1400 2603 ceratis
1418 2573 1530 2603 tabulis
1546 2574 1717 2603 testimoni-

1004 2628 1052 2646 um
1065 2627 1153 2646 suum
1166 2616 1300 2647 scribere
1310 2618 1492 2650 debuer‚unt
1503 2619 1536 2645 ut
1545 2616 1716 2653 detrahere,

1002 2660 1119 2696 delere,
1143 2665 1195 2689 aut
1219 2659 1333 2689 addere
1357 2669 1425 2698 quae
1445 2659 1561 2689 vellent
1576 2665 1716 2702 possent,

1003 2713 1073 2734 cera
1102 2702 1199 2736 omnis
1225 2702 1254 2732 in
1287 2701 1449 2731 scribendo
1468 2701 1643 2730 mutationis
1665 2713 1716 2732 ca-

1002 2755 1089 2798 pace.
1112 2744 1219 2784 μάλθῃ
1246 2750 1292 2774 est
1314 2744 1424 2774 tabellae
1452 2748 1555 2773 ceratae
1582 2753 1672 2782 cera5
1703 2745 1716 2775 ἆ

1002 2786 1062 2817 ἐνὼν
1089 2799 1123 2817 τη
1153 2785 1272 2818 varani&
1299 2798 1385 2826 κηρος,
1417 2786 1532 2815 Pollux
1564 2786 1585 2815 1.
1611 2787 1656 2816 X.
1685 2798 1714 2818 c.

1002 2831 1095 2860 XIV.
1130 2830 1182 2868 qui
1207 2834 1239 2858 et
1269 2829 1328 2858 alio
1355 2829 1423 2858 loco
1443 2827 1564 2867 μάλθην
1587 2830 1718 2868 exponit.

997 2885 1012 2903 η
1032 2873 1209 2902 κατηλειπτο
1225 2883 1257 2900 το
1272 2871 1404 2906 πινάκιον,
1420 2881 1518 2900 ceram
1536 2882 1592 2911 qua
1609 2873 1716 2903 tabella

1001 2920 1066 2945 enat
1090 2915 1217 2944 inducta
1245 2918 1276 2943 et
1296 2914 1400 2943 oblita.
1445 2913 1617 2944 Voluntarii
1640 2925 1714 2945 vero

1000 2962 1095 2987 testes
1117 2957 1150 2987 in
1178 2957 1346 2995 λευκώμοιτι
1375 2956 1409 2985 id
1435 2955 1504 2995 lege
1529 2957 1715 2995 jubebantur

999 3000 1146 3037 scribere,
1162 3004 1193 3030 et
1216 3000 1306 3031 domo
1323 2999 1458 3040 prolatas
1485 2999 1648 3038 exhibere,
1675 3001 1718 3030 ne'
