1915 3322
611 414 657 465 Ι.
715 410 763 464 T
793 412 843 464 A
874 409 924 462 Y
957 409 1005 461 L
1034 407 1083 461 O
1117 409 1166 461 R
1195 407 1222 460 I

712 548 1114 594 PRAEFATlo

907 688 947 707 51)

241 784 832 854 ORATIONEM
898 779 1621 851 DEMOSTHENIS

545 920 811 989 CONTRA
842 945 1295 988 THEOCRINEM.

193 1075 227 1110 A
251 1083 484 1110 PLURIMIS
500 1072 706 1122 judicatur
727 1071 812 1109 liaec
834 1071 976 1109 Oratio
998 1077 1134 1109 contra
1151 1070 1414 1108 Theocrinem
1437 1082 1514 1107 non
1537 1083 1558 1107 a
1579 1070 1661 1107 De-

193 1135 411 1180 mosthene,
433 1148 566 1173 verum
588 1149 610 1172 a
630 1134 834 1182 Dinarcho
855 1134 976 1171 fuisse
1005 1133 1246 1183 conscripta.
1306 1132 1376 1170 Uti
1398 1131 1506 1170 vides
1527 1132 1565 1169 in
1587 1134 1661 1169 Ar-

193 1203 396 1247 gumento.
452 1197 716 1247 Harpocratio
743 1198 781 1234 in
808 1211 844 1235 v.
872 1198 1101 1247 Ἀγραφίου·
1120 1194 1398 1233 -ἕιὲάσκουσι
1424 1193 1524 1232 rosa&
1548 1195 1663 1237 οὕτως

193 1260 296 1311 ἔχειν
315 1258 563 1311 Δημοσὲένης
584 1275 620 1297 τε
640 1261 700 1296 καὶ
719 1260 929 1310 Δείναρχος
948 1257 1176 1305 (Rescribes
1195 1255 1443 1308 Δημοσθένης
1467 1272 1518 1301 τε,
1538 1257 1560 1301 ἢ
1581 1256 1663 1293 Δεί-

196 1321 356 1373 ναρχος)
385 1321 426 1359 ἐν
448 1320 505 1374 ’τῷ
537 1325 630 1360 κατὰ
658 1322 876 1372 Θεοκρίνου,
905 1336 936 1358 κ.
965 1337 998 1359 τ.
1026 1323 1063 1359 λ.
1123 1321 1349 1369 Rerumque
1381 1319 1420 1356 in
1449 1318 1664 1368 Θεοκρίνης.

194 1383 440 1436 Δημοσθένης
474 1385 515 1422 ἐν
542 1388 591 1436 τῷ
622 1383 712 1435 ὑπὲρ
747 1385 1015 1434 Κτησιφῶντος
1046 1382 1328 1434 λοιδορούμενος
1363 1383 1534 1436 Αἰσχίνῃ
1564 1382 1668 1433 φησὶ,

195 1447 371 1497 τραγικὸς
399 1446 617 1497 Θεοκρίνης.
646 1446 826 1495 βούλεται
856 1446 893 1484 δὲ
922 1449 1052 1494 λέγειν
1081 1445 1195 1483 αὑτὸν
1227 1445 1476 1496 συκοφάντην,
1497 1444 1618 1490 ἐπειδὴ
1649 1447 1667 1483 ὁ

193 1509 392 1560 Θεοκρίνης
413 1515 591 1556 τοιοῦτος,
612 1512 661 1553 ὥς
681 1511 761 1548 ἐστι
782 1509 896 1555 δῆλον
922 1509 961 1546 ἐκ
989 1514 1054 1547 τοῦ
1082 1511 1175 1545 κατὰ
1202 1507 1421 1557 Θεοκρίνου,
1457 1508 1558 1546 ε’ίτε
1587 1507 1669 1556 Δη-

191 1571 460 1620 μοσθένους
498 1572 647 1623 ἐστὶν,
686 1574 785 1610 εἴτε
822 1571 898 1608 Δει
914 1571 1110 1622 νάρχου,
1149 1568 1256 1613 οὗτος
1290 1571 1310 1607 ὁ
1349 1571 1482 1619 λόγος.
1553 1569 1668 1608 Paria

193 1634 313 1672 habet
342 1635 527 1685 Apostol.
549 1634 734 1673 Proverb.
765 1634 881 1671 XIX.
903 1637 968 1671 49.
1027 1634 1150 1671 Porro
1172 1632 1386 1684 Dionysius
1417 1633 1668 1672 Halicarnas-

194 1697 313 1735 sensis
335 1695 538 1734 Dinarcllo
559 1696 702 1734 diserte
733 1696 931 1742 attribuit,
961 1695 1068 1735 Edit.
1098 1695 1282 1734 Hudson.
1305 1709 1346 1747 p.
1366 1699 1459 1734 186.
1482 1696 1520 1733 in
1542 1709 1588 1734 eo
1610 1696 1668 1735 di-

195 1772 328 1798 versus
349 1771 373 1796 a
394 1759 653 1803 Callimacho,
676 1759 745 1808 qui
766 1771 789 1797 a
813 1758 1084 1796 Demosthene
1116 1757 1236 1796 scribi
1267 1758 1487 1797 contendit.
1547 1759 1666 1802 Quod

197 1834 289 1859 sane
305 1820 500 1859 excidisse
516 1821 758 1859 Callimacho
775 1821 887 1859 valde
905 1820 1037 1867 miror,
1052 1834 1142 1859 cum
1159 1821 1345 1859 nonnulla
1359 1821 1545 1859 dicuntur
1557 1821 1668 1869 infra,

197 1883 246 1921 ad
268 1884 483 1921 Auctorem
512 1889 689 1921 nostrum
713 1883 947 1934 spectantia,
969 1896 1059 1933 quae
1081 1896 1195 1922 nemo
1215 1883 1266 1921 de
1286 1897 1326 1922 se
1352 1884 1492 1922 lubens
1515 1884 1669 1923 audiret

200 1945 292 1992 dici,
315 1945 458 1983 nedum
480 1945 565 1996 ipse
586 1946 707 1984 literis
729 1945 993 1997 consignaret.

251 2007 419 2045 Videtur
438 2007 632 2046 nonnullis
653 2007 715 2045 hic
743 2021 826 2045 esse
845 2007 1103 2052 Theocrines,
1135 2007 1184 2045 ad
1217 2021 1333 2058 quem
1360 2007 1499 2045 alludit
1522 2008 1668 2046 Demo-

201 2069 373 2114 sthenes,
391 2069 614 2107 AEschinem
636 2069 902 2108 adversarium
925 2070 1138 2120 exagitans,
1161 2086 1200 2107 π.
1220 2069 1328 2120 Στεφ.
1349 2072 1379 2116 ἓ.
1400 2069 1469 2119 ιζ’.
1486 2067 1552 2107 fin.
1571 2074 1669 2123 λαμ-

202 2132 496 2183 προφωνότατος,
519 2132 860 2182 μνημονικώτατος,
888 2131 1089 2181 ὑποκριτὴς
1119 2132 1284 2182 ἄριστος,
1314 2130 1535 2178 τραγικὸς
1570 2135 1671 2170 Θεο-

203 2195 370 2241 κρίνης.
428 2192 486 2229 Sit
505 2191 557 2229 ita
580 2204 671 2229 sane
690 2192 699 2230 Ξ
731 2191 877 2230 Verum
899 2191 1008 2242 quod
1030 2191 1117 2229 haec
1138 2198 1335 2242 postrema
1354 2191 1392 2228 in
1413 2191 1668 2231 Proverbium

203 2253 346 2300 abiere,
368 2259 411 2291 ut
431 2254 615 2291 Erasmus
635 2253 818 2304 opinatus
840 2259 912 2301 est,
933 2253 973 2291 id
993 2253 1246 2291 vehementer
1265 2253 1420 2291 dubito.
1478 2254 1670 2306 Hierony-

204 2328 288 2353 mus
308 2321 414 2353 certe
435 2328 514 2354 non
535 2315 579 2353 iis
607 2314 850 2366 adagialibus
871 2328 964 2353 usus
993 2320 1069 2364 est,
1102 2315 1186 2361 sed,
1208 2315 1239 2353 si
1258 2315 1584 2354 emendatissimis
1605 2331 1671 2355 ex-

205 2376 441 2428 emplaribus
470 2376 709 2416 credendum
733 2384 805 2424 est,
825 2379 878 2416 ita
899 2377 1078 2428 scripsit:
1112 2377 1339 2429 Ubicunque
1363 2376 1532 2415 viderint
1556 2378 1670 2417 Clzri-

205 2439 392 2484 stianum,
427 2440 563 2477 statim
596 2438 701 2479 illud
735 2440 780 2479 de
813 2440 962 2479 trivio:
998 2442 1017 2477 ὀ
1045 2440 1217 2492 Γραϊκὸς,
1249 2441 1267 2477 ὁ
1301 2439 1490 2487 ἐπιὲἑτης.
1547 2442 1671 2492 Epist.

207 2501 374 2539 XLVII.
405 2501 454 2539 ad
476 2502 644 2550 Furiam,
665 2502 715 2541 de
735 2503 936 2542 Viduitate
957 2503 1160 2541 servanda.

261 2562 393 2613 Hujus
415 2563 614 2603 Orationis
629 2566 752 2604 Actor
770 2565 844 2604 fuit
859 2565 1075 2617 Epichares
1088 2565 1259 2616 quidam,
1277 2570 1367 2617 post
1383 2565 1545 2618 Olymp.
1564 2566 1672 2604 CIX.

210 2632 246 2666 1.
276 2627 489 2666 TAYLOR.
