<?xml version="1.0" encoding="UTF-8"?>
<!DOCTYPE html PUBLIC "-//W3C//DTD XHTML 1.0 Transitional//EN"
    "http://www.w3.org/TR/xhtml1/DTD/xhtml1-transitional.dtd">
<html xmlns="http://www.w3.org/1999/xhtml" xml:lang="en" lang="en">
 <head>
  <title>
</title>
<meta http-equiv="Content-Type" content="text/html;charset=utf-8" />
  <meta name='ocr-system' content='tesseract 3.04.00' />
  <meta name='ocr-capabilities' content='ocr_page ocr_carea ocr_par ocr_line ocrx_word'/>
</head>
<body>
  <div class='ocr_page' id='page_1' title='image "./oratoresatticie08dobs_0091.png"; bbox 0 0 1947 3322; ppageno 0'>
   <div class='ocr_carea' id='block_1_1' title="bbox 91 280 193 315">
    <p class='ocr_par' dir='ltr' id='par_1_1' title="bbox 91 280 193 315">
     <span class='ocr_line' id='line_1_1' title="bbox 91 280 193 315; baseline -0.01 0"><span class='ocrx_word' id='word_1_1' title='bbox 91 280 193 315; x_wconf 79' lang='lat'>1068</span> 
     </span>
    </p>
   </div>
   <div class='ocr_carea' id='block_1_2' title="bbox 473 168 1351 215">
    <p class='ocr_par' dir='ltr' id='par_1_2' title="bbox 473 168 1351 215">
     <span class='ocr_line' id='line_1_2' title="bbox 473 168 1351 215; baseline -0.005 -1"><span class='ocrx_word' id='word_1_2' title='bbox 473 171 686 215; x_wconf 88' lang='grc' dir='ltr'>ΠΡΟΣ</span> <span class='ocrx_word' id='word_1_3' title='bbox 742 168 1351 213; x_wconf 85' lang='grc' dir='ltr'><strong>ΜΑΚΑΡΤΑΤΟΝ.</strong></span> 
     </span>
    </p>
   </div>
   <div class='ocr_carea' id='block_1_3' title="bbox 1602 165 1675 223">
    <p class='ocr_par' dir='ltr' id='par_1_3' title="bbox 1602 165 1675 223">
     <span class='ocr_line' id='line_1_3' title="bbox 1602 165 1675 223; baseline 0.027 -2"><span class='ocrx_word' id='word_1_4' title='bbox 1602 165 1675 223; x_wconf 87' lang='lat'><strong>79</strong></span> 
     </span>
    </p>
   </div>
   <div class='ocr_carea' id='block_1_4' title="bbox 301 283 1674 702">
    <p class='ocr_par' dir='ltr' id='par_1_4' title="bbox 301 283 1674 702">
     <span class='ocr_line' id='line_1_4' title="bbox 307 283 1674 329; baseline -0.001 -10"><span class='ocrx_word' id='word_1_5' title='bbox 307 299 393 319; x_wconf 78' lang='lat' dir='ltr'><strong>rara</strong></span> <span class='ocrx_word' id='word_1_6' title='bbox 424 286 554 329; x_wconf 80' lang='grc' dir='ltr'><strong><em>γένους,</em></strong></span> <span class='ocrx_word' id='word_1_7' title='bbox 576 286 728 319; x_wconf 73' lang='grc' dir='ltr'><strong>ἐκδιδότω</strong></span> <span class='ocrx_word' id='word_1_8' title='bbox 753 285 898 324; x_wconf 77' lang='grc' dir='ltr'>ἐπιδοὺς,</span> <span class='ocrx_word' id='word_1_9' title='bbox 922 285 939 316; x_wconf 88' lang='grc' dir='ltr'><strong>ὁ</strong></span> <span class='ocrx_word' id='word_1_10' title='bbox 963 287 1028 327; x_wconf 86' lang='grc' dir='ltr'><strong>μὲν</strong></span> <span class='ocrx_word' id='word_1_11' title='bbox 1051 283 1419 327; x_wconf 78' lang='grc' dir='ltr'>πεντακοσιομέδιμνος,</span> <span class='ocrx_word' id='word_1_12' title='bbox 1448 287 1674 324; x_wconf 81' lang='grc' dir='ltr'>πεντακοσίας</span> 
     </span>
     <span class='ocr_line' id='line_1_5' title="bbox 306 331 1673 376; baseline -0.001 -11"><span class='ocrx_word' id='word_1_13' title='bbox 306 333 470 376; x_wconf 75' lang='grc' dir='ltr'>δραχμάς·</span> <span class='ocrx_word' id='word_1_14' title='bbox 490 335 506 366; x_wconf 89' lang='grc' dir='ltr'>ὁ</span> <span class='ocrx_word' id='word_1_15' title='bbox 524 333 549 365; x_wconf 84' lang='grc' dir='ltr'><strong>δ’</strong></span> <span class='ocrx_word' id='word_1_16' title='bbox 566 334 699 371; x_wconf 72' lang='grc' dir='ltr'>ἱππεὺς,</span> <span class='ocrx_word' id='word_1_17' title='bbox 726 333 926 375; x_wconf 82' lang='grc' dir='ltr'>τριακοσίας·</span> <span class='ocrx_word' id='word_1_18' title='bbox 953 332 969 362; x_wconf 87' lang='grc' dir='ltr'><strong>ὁ</strong></span> <span class='ocrx_word' id='word_1_19' title='bbox 988 331 1020 362; x_wconf 70' lang='grc' dir='ltr'><strong>δὲ</strong></span> <span class='ocrx_word' id='word_1_20' title='bbox 1044 332 1192 372; x_wconf 80' lang='grc' dir='ltr'>ζυγὶτης,</span> <span class='ocrx_word' id='word_1_21' title='bbox 1212 331 1332 363; x_wconf 80' lang='grc' dir='ltr'>ἑκατὸν</span> <span class='ocrx_word' id='word_1_22' title='bbox 1356 331 1569 369; x_wconf 76' lang='grc' dir='ltr'>πεντήκοντα</span> <span class='ocrx_word' id='word_1_23' title='bbox 1589 334 1673 375; x_wconf 85' lang='grc' dir='ltr'>πρὸς</span> 
     </span>
     <span class='ocr_line' id='line_1_6' title="bbox 304 375 1674 422; baseline -0.001 -10"><span class='ocrx_word' id='word_1_24' title='bbox 304 377 356 418; x_wconf 72' lang='grc' dir='ltr'><strong>οἷς</strong></span> <span class='ocrx_word' id='word_1_25' title='bbox 371 380 490 419; x_wconf 82' lang='grc' dir='ltr'>αὐτῆς.</span> <span class='ocrx_word' id='word_1_26' title='bbox 512 380 572 411; x_wconf 82' lang='grc' dir='ltr'>ἐὰν</span> <span class='ocrx_word' id='word_1_27' title='bbox 588 379 682 422; x_wconf 84' lang='grc' dir='ltr'>δὲμὴ</span> <span class='ocrx_word' id='word_1_28' title='bbox 701 380 838 416; x_wconf 84' lang='grc' dir='ltr'>πλείους</span> <span class='ocrx_word' id='word_1_29' title='bbox 854 375 934 410; x_wconf 80' lang='grc' dir='ltr'>ὦσιν</span> <span class='ocrx_word' id='word_1_30' title='bbox 956 378 992 410; x_wconf 80' lang='grc' dir='ltr'><strong>ἐν</strong></span> <span class='ocrx_word' id='word_1_31' title='bbox 1014 380 1063 419; x_wconf 76' lang='grc' dir='ltr'><strong>τῷ</strong></span> <span class='ocrx_word' id='word_1_32' title='bbox 1088 378 1182 419; x_wconf 77' lang='grc' dir='ltr'>αὐτῷ</span> <span class='ocrx_word' id='word_1_33' title='bbox 1208 377 1308 420; x_wconf 75' lang='grc' dir='ltr'>γένει,</span> <span class='ocrx_word' id='word_1_34' title='bbox 1331 380 1373 420; x_wconf 79' lang='grc' dir='ltr'><strong>τῇ</strong></span> <span class='ocrx_word' id='word_1_35' title='bbox 1399 378 1566 420; x_wconf 78' lang='grc' dir='ltr'>ἐπικλήρῳ</span> <span class='ocrx_word' id='word_1_36' title='bbox 1588 380 1674 421; x_wconf 79' lang='grc' dir='ltr'>πρὸς</span> 
     </span>
     <span class='ocr_line' id='line_1_7' title="bbox 302 421 1674 470; baseline -0.001 -12"><span class='ocrx_word' id='word_1_37' title='bbox 302 427 399 470; x_wconf 78' lang='grc' dir='ltr'>μέρος</span> <span class='ocrx_word' id='word_1_38' title='bbox 415 425 598 459; x_wconf 77' lang='grc' dir='ltr'>ἐπιδιδόναι</span> <span class='ocrx_word' id='word_1_39' title='bbox 620 425 772 458; x_wconf 79' lang='grc' dir='ltr'>ἕκαστον.</span> <span class='ocrx_word' id='word_1_40' title='bbox 799 426 857 457; x_wconf 82' lang='grc' dir='ltr'>ἐὰν</span> <span class='ocrx_word' id='word_1_41' title='bbox 883 424 909 456; x_wconf 76' lang='grc' dir='ltr'><strong>δ’</strong></span> <span class='ocrx_word' id='word_1_42' title='bbox 939 425 973 455; x_wconf 80' lang='grc' dir='ltr'><strong>αἱ</strong></span> <span class='ocrx_word' id='word_1_43' title='bbox 995 427 1152 467; x_wconf 78' lang='grc' dir='ltr'>γυναῖκες</span> <span class='ocrx_word' id='word_1_44' title='bbox 1178 425 1315 462; x_wconf 84' lang='grc' dir='ltr'>πλείους</span> <span class='ocrx_word' id='word_1_45' title='bbox 1331 421 1402 464; x_wconf 83' lang='grc' dir='ltr'>ὧσι,</span> <span class='ocrx_word' id='word_1_46' title='bbox 1420 425 1466 466; x_wconf 89' lang='grc' dir='ltr'>μὴ</span> <span class='ocrx_word' id='word_1_47' title='bbox 1486 424 1674 467; x_wconf 80' lang='grc' dir='ltr'>ἐπάναγκες</span> 
     </span>
     <span class='ocr_line' id='line_1_8' title="bbox 303 470 1670 516; baseline -0.003 -11"><span class='ocrx_word' id='word_1_48' title='bbox 303 470 390 506; x_wconf 76' lang='grc' dir='ltr'>εἶναι</span> <span class='ocrx_word' id='word_1_49' title='bbox 419 472 524 505; x_wconf 78' lang='grc' dir='ltr'>πλέον</span> <span class='ocrx_word' id='word_1_50' title='bbox 552 474 572 512; x_wconf 84' lang='grc' dir='ltr'>ὴ</span> <span class='ocrx_word' id='word_1_51' title='bbox 595 473 677 516; x_wconf 85' lang='grc' dir='ltr'>μίαν</span> <span class='ocrx_word' id='word_1_52' title='bbox 702 472 853 504; x_wconf 82' lang='grc' dir='ltr'>ἐκδοῦναι</span> <span class='ocrx_word' id='word_1_53' title='bbox 870 474 920 513; x_wconf 75' lang='grc' dir='ltr'><strong>τῷ</strong></span> <span class='ocrx_word' id='word_1_54' title='bbox 934 471 1033 513; x_wconf 82' lang='grc' dir='ltr'>γένει·</span> <span class='ocrx_word' id='word_1_55' title='bbox 1053 471 1144 502; x_wconf 75' lang='grc' dir='ltr'>ἀλλὰ</span> <span class='ocrx_word' id='word_1_56' title='bbox 1162 472 1223 502; x_wconf 84' lang='grc' dir='ltr'>τὸν</span> <span class='ocrx_word' id='word_1_57' title='bbox 1239 471 1408 513; x_wconf 80' lang='grc' dir='ltr'>ἐγγύτατα</span> <span class='ocrx_word' id='word_1_58' title='bbox 1427 470 1473 502; x_wconf 72' lang='grc' dir='ltr'><strong>δεῖ</strong></span> <span class='ocrx_word' id='word_1_59' title='bbox 1497 470 1670 510; x_wconf 70' lang='grc' dir='ltr'>ἐκδιδόναι,</span> 
     </span>
     <span class='ocr_line' id='line_1_9' title="bbox 302 516 1673 561; baseline -0.002 -9"><span class='ocrx_word' id='word_1_60' title='bbox 302 521 323 559; x_wconf 83' lang='grc' dir='ltr'>ὴ</span> <span class='ocrx_word' id='word_1_61' title='bbox 351 521 457 552; x_wconf 85' lang='grc' dir='ltr'>αὐτὸν</span> <span class='ocrx_word' id='word_1_62' title='bbox 483 520 584 561; x_wconf 82' lang='grc' dir='ltr'>ἔχειν.</span> <span class='ocrx_word' id='word_1_63' title='bbox 605 520 665 551; x_wconf 79' lang='grc' dir='ltr'>ἐὰν</span> <span class='ocrx_word' id='word_1_64' title='bbox 689 519 721 550; x_wconf 79' lang='grc' dir='ltr'><strong>δὲ</strong></span> <span class='ocrx_word' id='word_1_65' title='bbox 737 521 784 561; x_wconf 80' lang='grc' dir='ltr'>μὴ</span> <span class='ocrx_word' id='word_1_66' title='bbox 808 519 870 561; x_wconf 70' lang='grc' dir='ltr'><strong>ἔχῃ</strong></span> <span class='ocrx_word' id='word_1_67' title='bbox 893 519 909 550; x_wconf 85' lang='grc' dir='ltr'>ὁ</span> <span class='ocrx_word' id='word_1_68' title='bbox 933 517 1104 560; x_wconf 78' lang='grc' dir='ltr'>ἐγγυτάτω</span> <span class='ocrx_word' id='word_1_69' title='bbox 1132 516 1262 560; x_wconf 77' lang='grc' dir='ltr'>γένους,</span> <span class='ocrx_word' id='word_1_70' title='bbox 1280 518 1300 556; x_wconf 84' lang='grc' dir='ltr'>ἢ</span> <span class='ocrx_word' id='word_1_71' title='bbox 1321 519 1367 560; x_wconf 89' lang='grc' dir='ltr'>μὴ</span> <span class='ocrx_word' id='word_1_72' title='bbox 1395 517 1489 558; x_wconf 72' lang='grc' dir='ltr'>ἐκδῷ,</span> <span class='ocrx_word' id='word_1_73' title='bbox 1512 520 1528 549; x_wconf 89' lang='grc' dir='ltr'><strong>ὁ</strong></span> <span class='ocrx_word' id='word_1_74' title='bbox 1556 518 1673 559; x_wconf 82' lang='grc' dir='ltr'>ἅρχων</span> 
     </span>
     <span class='ocr_line' id='line_1_10' title="bbox 302 563 1670 608; baseline -0.002 -10"><span class='ocrx_word' id='word_1_75' title='bbox 302 566 561 608; x_wconf 76' lang='grc' dir='ltr'>ἐπαναγκαζέτω</span> <span class='ocrx_word' id='word_1_76' title='bbox 578 567 597 605; x_wconf 80' lang='grc' dir='ltr'>ἢ</span> <span class='ocrx_word' id='word_1_77' title='bbox 616 566 722 598; x_wconf 84' lang='grc' dir='ltr'>αὐτὸν</span> <span class='ocrx_word' id='word_1_78' title='bbox 739 566 842 608; x_wconf 80' lang='grc' dir='ltr'>ἔχειν,</span> <span class='ocrx_word' id='word_1_79' title='bbox 859 566 877 604; x_wconf 82' lang='grc' dir='ltr'>ὴ</span> <span class='ocrx_word' id='word_1_80' title='bbox 893 564 1055 596; x_wconf 79' lang='grc' dir='ltr'>ἐκδοῦναι.</span> <span class='ocrx_word' id='word_1_81' title='bbox 1078 565 1138 596; x_wconf 80' lang='grc' dir='ltr'>ἐὰν</span> <span class='ocrx_word' id='word_1_82' title='bbox 1157 563 1249 606; x_wconf 80' lang='grc' dir='ltr'>δὲμὴ</span> <span class='ocrx_word' id='word_1_83' title='bbox 1268 563 1489 607; x_wconf 75' lang='grc' dir='ltr'>ἐπαναγκάσῃ</span> <span class='ocrx_word' id='word_1_84' title='bbox 1506 564 1522 595; x_wconf 84' lang='grc' dir='ltr'><strong>ὁ</strong></span> <span class='ocrx_word' id='word_1_85' title='bbox 1543 565 1670 606; x_wconf 84' lang='grc' dir='ltr'>ἅρχων,</span> 
     </span>
     <span class='ocr_line' id='line_1_11' title="bbox 301 609 1672 655; baseline -0.002 -11"><span class='ocrx_word' id='word_1_86' title='bbox 301 612 453 655; x_wconf 82' lang='grc' dir='ltr'>ὀφειλέτω</span> <span class='ocrx_word' id='word_1_87' title='bbox 471 613 585 654; x_wconf 84' lang='grc' dir='ltr'>χιλίας</span> <span class='ocrx_word' id='word_1_88' title='bbox 599 612 761 655; x_wconf 79' lang='grc' dir='ltr'>δραχμὰς,</span> <span class='ocrx_word' id='word_1_89' title='bbox 785 612 872 654; x_wconf 74' lang='grc' dir='ltr'>ἱερὰς</span> <span class='ocrx_word' id='word_1_90' title='bbox 892 613 933 653; x_wconf 79' lang='grc' dir='ltr'><strong>τῇ</strong></span> <span class='ocrx_word' id='word_1_91' title='bbox 951 610 1052 654; x_wconf 64' lang='grc' dir='ltr'>’Ἠρςν</span> <span class='ocrx_word' id='word_1_92' title='bbox 1080 610 1303 654; x_wconf 77' lang='grc' dir='ltr'>ἀπογραφέτω</span> <span class='ocrx_word' id='word_1_93' title='bbox 1321 609 1353 642; x_wconf 69' lang='grc' dir='ltr'><strong>δὲ</strong></span> <span class='ocrx_word' id='word_1_94' title='bbox 1371 612 1431 642; x_wconf 85' lang='grc' dir='ltr'>τὸν</span> <span class='ocrx_word' id='word_1_95' title='bbox 1447 612 1493 653; x_wconf 82' lang='grc' dir='ltr'>μὴ</span> <span class='ocrx_word' id='word_1_96' title='bbox 1509 612 1672 642; x_wconf 82' lang='grc' dir='ltr'>ποιοῦντα</span> 
     </span>
     <span class='ocr_line' id='line_1_12' title="bbox 302 659 1020 702; baseline -0.004 -10"><span class='ocrx_word' id='word_1_97' title='bbox 302 662 409 692; x_wconf 84' lang='grc' dir='ltr'>ταῦτα</span> <span class='ocrx_word' id='word_1_98' title='bbox 427 659 443 691; x_wconf 86' lang='grc' dir='ltr'>ὁ</span> <span class='ocrx_word' id='word_1_99' title='bbox 455 659 663 702; x_wconf 82' lang='grc' dir='ltr'>βουλόμενος</span> <span class='ocrx_word' id='word_1_100' title='bbox 677 660 762 702; x_wconf 81' lang='grc' dir='ltr'>πρὸς</span> <span class='ocrx_word' id='word_1_101' title='bbox 778 660 838 691; x_wconf 89' lang='grc' dir='ltr'><strong>τὸν</strong></span> <span class='ocrx_word' id='word_1_102' title='bbox 855 659 1020 701; x_wconf 81' lang='grc' dir='ltr'>ἄρχοντα.</span> 
     </span>
    </p>
   </div>
   <div class='ocr_carea' id='block_1_5' title="bbox 207 718 1676 1091">
    <p class='ocr_par' dir='ltr' id='par_1_5' title="bbox 207 718 1676 1091">
     <span class='ocr_line' id='line_1_13' title="bbox 207 718 1672 795; baseline -0.001 -21"><span class='ocrx_word' id='word_1_103' title='bbox 207 721 243 774; x_wconf 68' lang='grc' dir='ltr'><strong>οἳ</strong></span> <span class='ocrx_word' id='word_1_104' title='bbox 266 719 344 794; x_wconf 73' lang='grc' dir='ltr'><strong>μὲν</strong></span> <span class='ocrx_word' id='word_1_105' title='bbox 368 723 492 789; x_wconf 65' lang='grc' dir='ltr'>λε”γει</span> <span class='ocrx_word' id='word_1_106' title='bbox 527 723 547 774; x_wconf 77' lang='lat' dir='ltr'><strong>o‘</strong></span> <span class='ocrx_word' id='word_1_107' title='bbox 585 721 726 793; x_wconf 75' lang='grc' dir='ltr'>νόμος,</span> <span class='ocrx_word' id='word_1_108' title='bbox 755 722 791 773; x_wconf 62' lang='grc' dir='ltr'><strong>εἴ</strong></span> <span class='ocrx_word' id='word_1_109' title='bbox 815 720 962 795; x_wconf 66' lang='grc' dir='ltr'>ἄνδρες</span> <span class='ocrx_word' id='word_1_110' title='bbox 997 718 1238 783; x_wconf 66' lang='grc' dir='ltr'>δικασταὶ,</span> <span class='ocrx_word' id='word_1_111' title='bbox 1275 718 1478 771; x_wconf 75' lang='grc' dir='ltr'>οἷκούετε.</span> <span class='ocrx_word' id='word_1_112' title='bbox 1517 719 1589 772; x_wconf 69' lang='grc' dir='ltr'>’ὅτε</span> <span class='ocrx_word' id='word_1_113' title='bbox 1629 719 1672 773; x_wconf 66' lang='grc' dir='ltr'><strong>δὲ</strong></span> 
     </span>
     <span class='ocr_line' id='line_1_14' title="bbox 208 791 1676 870; baseline -0.001 -22"><span class='ocrx_word' id='word_1_114' title='bbox 208 797 286 858; x_wconf 71' lang='grc' dir='ltr'><strong>τῆς</strong></span> <span class='ocrx_word' id='word_1_115' title='bbox 311 795 544 870; x_wconf 67' lang='grc' dir='ltr'>ἐπικλήρου</span> <span class='ocrx_word' id='word_1_116' title='bbox 566 794 645 849; x_wconf 64' lang='grc' dir='ltr'>’ἔδει</span> <span class='ocrx_word' id='word_1_117' title='bbox 673 794 1025 868; x_wconf 61' lang='grc' dir='ltr'>ἐπιδικάζεσθαι</span> <span class='ocrx_word' id='word_1_118' title='bbox 1049 795 1064 821; x_wconf 81' lang='lat'>¹</span> <span class='ocrx_word' id='word_1_119' title='bbox 1080 791 1363 865; x_wconf 68' lang='grc' dir='ltr'>Φυλομάχης</span> <span class='ocrx_word' id='word_1_120' title='bbox 1390 795 1468 853; x_wconf 69' lang='grc' dir='ltr'><strong>τῆς</strong></span> <span class='ocrx_word' id='word_1_121' title='bbox 1497 793 1676 846; x_wconf 64' lang='lat' dir='ltr'><strong>‘tom-oui</strong></span> 
     </span>
     <span class='ocr_line' id='line_1_15' title="bbox 207 866 1672 946; baseline -0.002 -23"><span class='ocrx_word' id='word_1_122' title='bbox 207 871 373 946; x_wconf 65' lang='grc' dir='ltr'>μην-ρος</span> <span class='ocrx_word' id='word_1_123' title='bbox 408 872 486 923; x_wconf 70' lang='grc' dir='ltr'><strong>τοῦ</strong></span> <span class='ocrx_word' id='word_1_124' title='bbox 513 870 690 932; x_wconf 69' lang='grc' dir='ltr'>παιὸὂς,</span> <span class='ocrx_word' id='word_1_125' title='bbox 717 870 892 936; x_wconf 74' lang='grc' dir='ltr'>Ἁγνίου</span> <span class='ocrx_word' id='word_1_126' title='bbox 921 867 963 920; x_wconf 67' lang='grc' dir='ltr'><strong>δ’</strong></span> <span class='ocrx_word' id='word_1_127' title='bbox 989 866 1172 935; x_wconf 56' lang='lat' dir='ltr'><strong>dvalmo&amp;</strong></span> <span class='ocrx_word' id='word_1_128' title='bbox 1198 867 1358 927; x_wconf 67' lang='grc' dir='ltr'>παιδος</span> <span class='ocrx_word' id='word_1_129' title='bbox 1392 867 1519 930; x_wconf 74' lang='grc' dir='ltr'>οὔσης</span> <span class='ocrx_word' id='word_1_130' title='bbox 1556 868 1672 943; x_wconf 66' lang='grc' dir='ltr'>προς</span> 
     </span>
     <span class='ocr_line' id='line_1_16' title="bbox 208 940 1671 1020; baseline -0.002 -23"><span class='ocrx_word' id='word_1_131' title='bbox 208 945 407 1020; x_wconf 61' lang='grc' dir='ltr'>πατρὸς,</span> <span class='ocrx_word' id='word_1_132' title='bbox 436 943 524 1011; x_wconf 69' lang='grc' dir='ltr'>ἓγιι)</span> <span class='ocrx_word' id='word_1_133' title='bbox 549 943 628 1014; x_wconf 75' lang='grc' dir='ltr'><strong>μὲν</strong></span> <span class='ocrx_word' id='word_1_134' title='bbox 655 944 756 1005; x_wconf 68' lang='grc' dir='ltr'>ἧκον</span> <span class='ocrx_word' id='word_1_135' title='bbox 783 942 1047 1013; x_wconf 73' lang='grc' dir='ltr'>φοβούμενος</span> <span class='ocrx_word' id='word_1_136' title='bbox 1073 941 1148 994; x_wconf 76' lang='grc' dir='ltr'><strong>τόν</strong></span> <span class='ocrx_word' id='word_1_137' title='bbox 1175 943 1314 1012; x_wconf 76' lang='grc' dir='ltr'>νόμον,</span> <span class='ocrx_word' id='word_1_138' title='bbox 1342 942 1421 993; x_wconf 72' lang='grc' dir='ltr'><strong>καὶ</strong></span> <span class='ocrx_word' id='word_1_139' title='bbox 1449 940 1671 994; x_wconf 65' lang='grc' dir='ltr'>ἐπεδικα-</span> 
     </span>
     <span class='ocr_line' id='line_1_17' title="bbox 210 1013 1671 1091; baseline 0 -21"><span class='ocrx_word' id='word_1_140' title='bbox 210 1018 345 1091; x_wconf 70' lang='grc' dir='ltr'>ζόμην</span> <span class='ocrx_word' id='word_1_141' title='bbox 379 1017 492 1085; x_wconf 77' lang='grc' dir='ltr'>γε’νει</span> <span class='ocrx_word' id='word_1_142' title='bbox 529 1019 584 1070; x_wconf 68' lang='grc' dir='ltr'>ὢν</span> <span class='ocrx_word' id='word_1_143' title='bbox 612 1016 877 1086; x_wconf 65' lang='grc' dir='ltr'>ἐγγυτάτω·</span> <span class='ocrx_word' id='word_1_144' title='bbox 912 1017 1189 1087; x_wconf 67' lang='grc' dir='ltr'>Θεόπομπος</span> <span class='ocrx_word' id='word_1_145' title='bbox 1225 1013 1266 1068; x_wconf 67' lang='grc' dir='ltr'><strong>δὲ</strong></span> <span class='ocrx_word' id='word_1_146' title='bbox 1303 1015 1671 1085; x_wconf 69' lang='grc' dir='ltr'>ἇΜοικοιρτοὲτ-ου</span> 
     </span>
    </p>
   </div>
   <div class='ocr_carea' id='block_1_6' title="bbox 859 1107 1032 1148">
    <p class='ocr_par' dir='ltr' id='par_1_6' title="bbox 859 1107 1032 1148">
     <span class='ocr_line' id='line_1_18' title="bbox 859 1107 1032 1148; baseline -0.012 -10"><span class='ocrx_word' id='word_1_147' title='bbox 859 1108 868 1128; x_wconf 88' lang='lat'><em>¹</em></span> <span class='ocrx_word' id='word_1_148' title='bbox 883 1107 1032 1148; x_wconf 77' lang='grc' dir='ltr'>Φιλομάχ.</span> 
     </span>
    </p>
   </div>
   <div class='ocr_carea' id='block_1_7' title="bbox 213 1168 930 3012">
    <p class='ocr_par' dir='ltr' id='par_1_7' title="bbox 213 1168 930 3012">
     <span class='ocr_line' id='line_1_19' title="bbox 251 1168 922 1206; baseline -0.003 -7"><span class='ocrx_word' id='word_1_149' title='bbox 251 1169 298 1199; x_wconf 88' lang='lat' dir='ltr'><strong>Iis</strong></span> <span class='ocrx_word' id='word_1_150' title='bbox 321 1169 458 1206; x_wconf 73' lang='lat' dir='ltr'><strong>nubant,</strong></span> <span class='ocrx_word' id='word_1_151' title='bbox 484 1173 515 1198; x_wconf 83' lang='lat' dir='ltr'><strong>et</strong></span> <span class='ocrx_word' id='word_1_152' title='bbox 531 1178 583 1198; x_wconf 87' lang='lat' dir='ltr'><strong>eos</strong></span> <span class='ocrx_word' id='word_1_153' title='bbox 600 1168 716 1198; x_wconf 86' lang='lat' dir='ltr'><strong>ducere</strong></span> <span class='ocrx_word' id='word_1_154' title='bbox 740 1168 847 1198; x_wconf 87' lang='lat' dir='ltr'><strong>eadem</strong></span> <span class='ocrx_word' id='word_1_155' title='bbox 870 1168 922 1197; x_wconf 85' lang='lat' dir='ltr'><strong>lex</strong></span> 
     </span>
     <span class='ocr_line' id='line_1_20' title="bbox 290 1211 392 1252; baseline 0.02 -12"><span class='ocrx_word' id='word_1_156' title='bbox 290 1211 392 1252; x_wconf 84' lang='lat' dir='ltr'><strong>jubet.</strong></span> 
     </span>
     <span class='ocr_line' id='line_1_21' title="bbox 252 1252 923 1294; baseline -0.004 -9"><span class='ocrx_word' id='word_1_157' title='bbox 252 1256 319 1294; x_wconf 84' lang='lat' dir='ltr'><strong>Ego</strong></span> <span class='ocrx_word' id='word_1_158' title='bbox 342 1259 372 1284; x_wconf 90' lang='lat' dir='ltr'><strong>te</strong></span> <span class='ocrx_word' id='word_1_159' title='bbox 394 1259 558 1293; x_wconf 79' lang='lat' dir='ltr'><strong>cognatum</strong></span> <span class='ocrx_word' id='word_1_160' title='bbox 581 1254 693 1289; x_wconf 88' lang='lat' dir='ltr'><strong>dicam,</strong></span> <span class='ocrx_word' id='word_1_161' title='bbox 714 1258 745 1283; x_wconf 90' lang='lat' dir='ltr'><strong>et</strong></span> <span class='ocrx_word' id='word_1_162' title='bbox 769 1252 825 1283; x_wconf 87' lang='lat' dir='ltr'><strong>tibi</strong></span> <span class='ocrx_word' id='word_1_163' title='bbox 847 1253 923 1283; x_wconf 90' lang='lat' dir='ltr'><strong>scri-</strong></span> 
     </span>
     <span class='ocr_line' id='line_1_22' title="bbox 297 1298 504 1334; baseline -0.005 -7"><span class='ocrx_word' id='word_1_164' title='bbox 297 1299 365 1327; x_wconf 88' lang='lat' dir='ltr'><strong>bam</strong></span> <span class='ocrx_word' id='word_1_165' title='bbox 381 1298 480 1327; x_wconf 87' lang='lat' dir='ltr'><strong>dicam</strong></span> <span class='ocrx_word' id='word_1_166' title='bbox 496 1308 504 1334; x_wconf 81' lang='lat'><em>3</em></span> 
     </span>
     <span class='ocr_line' id='line_1_23' title="bbox 253 1338 924 1371; baseline -0.003 -1"><span class='ocrx_word' id='word_1_167' title='bbox 253 1341 420 1371; x_wconf 82' lang='lat' dir='ltr'><strong>Paternum</strong></span> <span class='ocrx_word' id='word_1_168' title='bbox 436 1340 567 1370; x_wconf 87' lang='lat' dir='ltr'><strong>amicum</strong></span> <span class='ocrx_word' id='word_1_169' title='bbox 591 1350 640 1369; x_wconf 91' lang='lat' dir='ltr'><strong>me</strong></span> <span class='ocrx_word' id='word_1_170' title='bbox 659 1339 844 1368; x_wconf 77' lang='lat' dir='ltr'>assimulabo</span> <span class='ocrx_word' id='word_1_171' title='bbox 862 1338 924 1368; x_wconf 88' lang='lat' dir='ltr'><strong>vir-</strong></span> 
     </span>
     <span class='ocr_line' id='line_1_24' title="bbox 297 1384 398 1424; baseline -0.01 -11"><span class='ocrx_word' id='word_1_172' title='bbox 297 1384 377 1424; x_wconf 84' lang='lat' dir='ltr'>ginis</span> <span class='ocrx_word' id='word_1_173' title='bbox 391 1394 398 1420; x_wconf 88' lang='lat'>;</span> 
     </span>
     <span class='ocr_line' id='line_1_25' title="bbox 253 1423 924 1465; baseline -0.004 -9"><span class='ocrx_word' id='word_1_174' title='bbox 253 1427 305 1457; x_wconf 90' lang='lat' dir='ltr'><strong>Ad</strong></span> <span class='ocrx_word' id='word_1_175' title='bbox 316 1426 439 1465; x_wconf 84' lang='lat' dir='ltr'><strong>judices</strong></span> <span class='ocrx_word' id='word_1_176' title='bbox 453 1425 631 1462; x_wconf 88' lang='lat' dir='ltr'><strong>veniemus;</strong></span> <span class='ocrx_word' id='word_1_177' title='bbox 648 1425 699 1463; x_wconf 92' lang='lat' dir='ltr'><strong>qui</strong></span> <span class='ocrx_word' id='word_1_178' title='bbox 715 1423 810 1454; x_wconf 79' lang='lat' dir='ltr'><strong>fuerit</strong></span> <span class='ocrx_word' id='word_1_179' title='bbox 824 1428 924 1464; x_wconf 86' lang='lat' dir='ltr'><strong>pater,</strong></span> 
     </span>
     <span class='ocr_line' id='line_1_26' title="bbox 254 1467 924 1507; baseline -0.004 -8"><span class='ocrx_word' id='word_1_180' title='bbox 254 1470 332 1506; x_wconf 85' lang='lat' dir='ltr'><strong>Quae</strong></span> <span class='ocrx_word' id='word_1_181' title='bbox 349 1474 466 1506; x_wconf 83' lang='lat' dir='ltr'><strong>mater3</strong></span> <span class='ocrx_word' id='word_1_182' title='bbox 487 1467 539 1507; x_wconf 87' lang='lat' dir='ltr'><strong>qui</strong></span> <span class='ocrx_word' id='word_1_183' title='bbox 555 1473 685 1507; x_wconf 76' lang='lat' dir='ltr'><strong>cognata</strong></span> <span class='ocrx_word' id='word_1_184' title='bbox 702 1467 758 1497; x_wconf 90' lang='lat' dir='ltr'><strong>tibi</strong></span> <span class='ocrx_word' id='word_1_185' title='bbox 775 1468 824 1497; x_wconf 88' lang='lat' dir='ltr'><strong>sit.</strong></span> <span class='ocrx_word' id='word_1_186' title='bbox 850 1469 924 1496; x_wconf 81' lang='lat' dir='ltr'><strong>Om-</strong></span> 
     </span>
     <span class='ocr_line' id='line_1_27' title="bbox 297 1512 426 1542; baseline -0.008 0"><span class='ocrx_word' id='word_1_187' title='bbox 297 1513 346 1542; x_wconf 83' lang='lat' dir='ltr'><strong>nia</strong></span> <span class='ocrx_word' id='word_1_188' title='bbox 361 1512 426 1541; x_wconf 83' lang='lat' dir='ltr'><strong>haec</strong></span> 
     </span>
     <span class='ocr_line' id='line_1_28' title="bbox 253 1552 924 1593; baseline -0.004 -8"><span class='ocrx_word' id='word_1_189' title='bbox 253 1555 451 1593; x_wconf 83' lang='lat' dir='ltr'><strong>Confingam3</strong></span> <span class='ocrx_word' id='word_1_190' title='bbox 472 1553 554 1592; x_wconf 87' lang='lat' dir='ltr'><strong>quod</strong></span> <span class='ocrx_word' id='word_1_191' title='bbox 574 1552 634 1583; x_wconf 84' lang='lat' dir='ltr'><strong>erit</strong></span> <span class='ocrx_word' id='word_1_192' title='bbox 652 1553 727 1583; x_wconf 88' lang='lat' dir='ltr'><strong>mibi</strong></span> <span class='ocrx_word' id='word_1_193' title='bbox 749 1554 860 1583; x_wconf 90' lang='lat' dir='ltr'><strong>bonum</strong></span> <span class='ocrx_word' id='word_1_194' title='bbox 882 1557 924 1582; x_wconf 88' lang='lat' dir='ltr'><strong>at-</strong></span> 
     </span>
     <span class='ocr_line' id='line_1_29' title="bbox 295 1597 586 1637; baseline -0.007 -9"><span class='ocrx_word' id='word_1_195' title='bbox 295 1609 355 1637; x_wconf 88' lang='lat' dir='ltr'><strong>que</strong></span> <span class='ocrx_word' id='word_1_196' title='bbox 371 1597 563 1627; x_wconf 87' lang='lat' dir='ltr'><strong>commodum</strong></span> <span class='ocrx_word' id='word_1_197' title='bbox 579 1608 586 1626; x_wconf 73' lang='grc' dir='ltr'><strong>ε</strong></span> 
     </span>
     <span class='ocr_line' id='line_1_30' title="bbox 253 1639 924 1674; baseline -0.006 -3"><span class='ocrx_word' id='word_1_198' title='bbox 253 1641 330 1671; x_wconf 85' lang='lat' dir='ltr'><strong>Cum</strong></span> <span class='ocrx_word' id='word_1_199' title='bbox 355 1646 388 1671; x_wconf 80' lang='lat' dir='ltr'><strong>tu</strong></span> <span class='ocrx_word' id='word_1_200' title='bbox 411 1641 516 1669; x_wconf 91' lang='lat' dir='ltr'><strong>horum</strong></span> <span class='ocrx_word' id='word_1_201' title='bbox 542 1639 616 1668; x_wconf 90' lang='lat' dir='ltr'><strong>nihil</strong></span> <span class='ocrx_word' id='word_1_202' title='bbox 643 1639 780 1674; x_wconf 84' lang='lat' dir='ltr'><strong>refelles,</strong></span> <span class='ocrx_word' id='word_1_203' title='bbox 805 1639 924 1668; x_wconf 88' lang='lat' dir='ltr'><strong>vincam</strong></span> 
     </span>
     <span class='ocr_line' id='line_1_31' title="bbox 299 1683 431 1714; baseline -0.015 0"><span class='ocrx_word' id='word_1_204' title='bbox 299 1683 431 1714; x_wconf 87' lang='lat' dir='ltr'><strong>scilicet.</strong></span> 
     </span>
     <span class='ocr_line' id='line_1_32' title="bbox 215 1722 926 1765; baseline -0.007 -8"><span class='ocrx_word' id='word_1_205' title='bbox 215 1728 308 1765; x_wconf 89' lang='lat' dir='ltr'><strong>Quod</strong></span> <span class='ocrx_word' id='word_1_206' title='bbox 333 1732 433 1757; x_wconf 88' lang='lat' dir='ltr'><strong>autem</strong></span> <span class='ocrx_word' id='word_1_207' title='bbox 458 1725 535 1755; x_wconf 84' lang='lat' dir='ltr'><strong>dicit</strong></span> <span class='ocrx_word' id='word_1_208' title='bbox 553 1726 616 1760; x_wconf 85' lang='lat' dir='ltr'><strong>lex,</strong></span> <span class='ocrx_word' id='word_1_209' title='bbox 638 1723 832 1764; x_wconf 71' lang='grc' dir='ltr'>ἀπογξαφέτω</span> <span class='ocrx_word' id='word_1_210' title='bbox 853 1722 926 1764; x_wconf 56' lang='lat' dir='ltr'><strong>weit,-</strong></span> 
     </span>
     <span class='ocr_line' id='line_1_33' title="bbox 213 1768 925 1812; baseline -0.006 -12"><span class='ocrx_word' id='word_1_211' title='bbox 213 1771 262 1802; x_wconf 75' lang='grc' dir='ltr'>τὸν</span> <span class='ocrx_word' id='word_1_212' title='bbox 283 1770 419 1812; x_wconf 75' lang='grc' dir='ltr'>ἄςχοντα,</span> <span class='ocrx_word' id='word_1_213' title='bbox 446 1769 628 1807; x_wconf 76' lang='grc' dir='ltr'>εἰσαγγελίαν</span> <span class='ocrx_word' id='word_1_214' title='bbox 653 1768 817 1807; x_wconf 86' lang='lat' dir='ltr'><strong>significat,</strong></span> <span class='ocrx_word' id='word_1_215' title='bbox 843 1768 925 1806; x_wconf 89' lang='lat' dir='ltr'><strong>quod</strong></span> 
     </span>
     <span class='ocr_line' id='line_1_34' title="bbox 215 1811 926 1850; baseline -0.007 -6"><span class='ocrx_word' id='word_1_216' title='bbox 215 1819 303 1844; x_wconf 86' lang='lat' dir='ltr'><strong>antea</strong></span> <span class='ocrx_word' id='word_1_217' title='bbox 327 1813 480 1849; x_wconf 81' lang='lat' dir='ltr'><strong>diximus3</strong></span> <span class='ocrx_word' id='word_1_218' title='bbox 504 1822 571 1850; x_wconf 80' lang='lat' dir='ltr'><strong>qnae</strong></span> <span class='ocrx_word' id='word_1_219' title='bbox 595 1811 701 1840; x_wconf 87' lang='lat' dir='ltr'><strong>eadem</strong></span> <span class='ocrx_word' id='word_1_220' title='bbox 727 1821 848 1850; x_wconf 89' lang='lat' dir='ltr'><strong>quoque</strong></span> <span class='ocrx_word' id='word_1_221' title='bbox 871 1821 926 1849; x_wconf 90' lang='lat' dir='ltr'><strong>ap·</strong></span> 
     </span>
     <span class='ocr_line' id='line_1_35' title="bbox 215 1853 925 1897; baseline -0.006 -11"><span class='ocrx_word' id='word_1_222' title='bbox 215 1857 348 1897; x_wconf 81' lang='lat' dir='ltr'><strong>pellatur</strong></span> <span class='ocrx_word' id='word_1_223' title='bbox 362 1855 454 1896; x_wconf 57' lang='grc' dir='ltr'>γραφή</span> <span class='ocrx_word' id='word_1_224' title='bbox 469 1866 475 1884; x_wconf 86' lang='grc'>;</span> <span class='ocrx_word' id='word_1_225' title='bbox 494 1854 627 1884; x_wconf 84' lang='lat' dir='ltr'>maxime</span> <span class='ocrx_word' id='word_1_226' title='bbox 644 1853 675 1882; x_wconf 88' lang='lat' dir='ltr'><strong>in</strong></span> <span class='ocrx_word' id='word_1_227' title='bbox 691 1854 749 1882; x_wconf 86' lang='lat' dir='ltr'><strong>hoc</strong></span> <span class='ocrx_word' id='word_1_228' title='bbox 765 1864 925 1892; x_wconf 89' lang='lat' dir='ltr'><strong>argumen-</strong></span> 
     </span>
     <span class='ocr_line' id='line_1_36' title="bbox 214 1897 926 1936; baseline -0.007 -6"><span class='ocrx_word' id='word_1_229' title='bbox 214 1905 259 1936; x_wconf 88' lang='lat' dir='ltr'><strong>to,</strong></span> <span class='ocrx_word' id='word_1_230' title='bbox 276 1904 309 1929; x_wconf 86' lang='lat' dir='ltr'><strong>ut</strong></span> <span class='ocrx_word' id='word_1_231' title='bbox 325 1899 558 1929; x_wconf 70' lang='lat' dir='ltr'><strong>ostendebamus</strong></span> <span class='ocrx_word' id='word_1_232' title='bbox 574 1903 661 1927; x_wconf 89' lang='lat' dir='ltr'><strong>antea</strong></span> <span class='ocrx_word' id='word_1_233' title='bbox 676 1907 716 1926; x_wconf 89' lang='lat' dir='ltr'><strong>ex</strong></span> <span class='ocrx_word' id='word_1_234' title='bbox 730 1897 821 1926; x_wconf 84' lang='lat' dir='ltr'><strong>Isaeo.</strong></span> <span class='ocrx_word' id='word_1_235' title='bbox 847 1897 926 1926; x_wconf 90' lang='lat' dir='ltr'><strong>Sane</strong></span> 
     </span>
     <span class='ocr_line' id='line_1_37' title="bbox 215 1940 926 1981; baseline -0.007 -8"><span class='ocrx_word' id='word_1_236' title='bbox 215 1940 384 1981; x_wconf 76' lang='grc' dir='ltr'>εἰσαγγελία</span> <span class='ocrx_word' id='word_1_237' title='bbox 396 1941 513 1980; x_wconf 89' lang='lat' dir='ltr'><strong>scripto</strong></span> <span class='ocrx_word' id='word_1_238' title='bbox 529 1940 752 1975; x_wconf 86' lang='lat' dir='ltr'>continebatur,</span> <span class='ocrx_word' id='word_1_239' title='bbox 767 1950 864 1978; x_wconf 87' lang='lat' dir='ltr'><strong>neque</strong></span> <span class='ocrx_word' id='word_1_240' title='bbox 881 1945 926 1969; x_wconf 88' lang='lat' dir='ltr'><strong>ta-</strong></span> 
     </span>
     <span class='ocr_line' id='line_1_38' title="bbox 215 1983 926 2025; baseline -0.006 -9"><span class='ocrx_word' id='word_1_241' title='bbox 215 1997 285 2016; x_wconf 86' lang='lat' dir='ltr'><strong>men</strong></span> <span class='ocrx_word' id='word_1_242' title='bbox 307 1990 373 2015; x_wconf 88' lang='lat' dir='ltr'><strong>erat</strong></span> <span class='ocrx_word' id='word_1_243' title='bbox 393 1986 485 2025; x_wconf 67' lang='grc' dir='ltr'>γξαφῆ</span> <span class='ocrx_word' id='word_1_244' title='bbox 507 1983 632 2023; x_wconf 84' lang='lat' dir='ltr'>proprie</span> <span class='ocrx_word' id='word_1_245' title='bbox 652 1983 746 2019; x_wconf 90' lang='lat' dir='ltr'><strong>dicta,</strong></span> <span class='ocrx_word' id='word_1_246' title='bbox 769 1984 841 2021; x_wconf 91' lang='lat' dir='ltr'><strong>quia</strong></span> <span class='ocrx_word' id='word_1_247' title='bbox 860 1984 926 2012; x_wconf 88' lang='lat' dir='ltr'><strong>haec</strong></span> 
     </span>
     <span class='ocr_line' id='line_1_39' title="bbox 215 2024 926 2068; baseline -0.006 -9"><span class='ocrx_word' id='word_1_248' title='bbox 215 2029 308 2059; x_wconf 84' lang='lat' dir='ltr'><strong>fiebat</strong></span> <span class='ocrx_word' id='word_1_249' title='bbox 322 2029 403 2068; x_wconf 85' lang='lat' dir='ltr'><strong>apud</strong></span> <span class='ocrx_word' id='word_1_250' title='bbox 413 2027 545 2067; x_wconf 86' lang='lat' dir='ltr'><strong>aliquem</strong></span> <span class='ocrx_word' id='word_1_251' title='bbox 555 2029 610 2057; x_wconf 68' lang='grc' dir='ltr'>τῶν</span> <span class='ocrx_word' id='word_1_252' title='bbox 624 2024 708 2061; x_wconf 85' lang='grc' dir='ltr'>ἐννέα,</span> <span class='ocrx_word' id='word_1_253' title='bbox 723 2026 926 2055; x_wconf 78' lang='lat' dir='ltr'><strong>aestimatione</strong></span> 
     </span>
     <span class='ocr_line' id='line_1_40' title="bbox 215 2068 927 2111; baseline -0.006 -9"><span class='ocrx_word' id='word_1_254' title='bbox 215 2082 314 2111; x_wconf 87' lang='lat' dir='ltr'><strong>poenae</strong></span> <span class='ocrx_word' id='word_1_255' title='bbox 338 2072 478 2111; x_wconf 77' lang='lat' dir='ltr'><strong>adjecta3</strong></span> <span class='ocrx_word' id='word_1_256' title='bbox 503 2080 562 2109; x_wconf 87' lang='lat' dir='ltr'><strong>qua</strong></span> <span class='ocrx_word' id='word_1_257' title='bbox 588 2070 619 2099; x_wconf 91' lang='lat' dir='ltr'><strong>in</strong></span> <span class='ocrx_word' id='word_1_258' title='bbox 644 2069 838 2099; x_wconf 72' lang='lat' dir='ltr'><strong>accus-tione</strong></span> <span class='ocrx_word' id='word_1_259' title='bbox 864 2069 891 2098; x_wconf 90' lang='lat' dir='ltr'><strong>si</strong></span> <span class='ocrx_word' id='word_1_260' title='bbox 915 2068 927 2097; x_wconf 82' lang='grc' dir='ltr'>ὁ</span> 
     </span>
     <span class='ocr_line' id='line_1_41' title="bbox 216 2112 926 2154; baseline -0.007 -9"><span class='ocrx_word' id='word_1_261' title='bbox 216 2115 316 2145; x_wconf 79' lang='grc' dir='ltr'>διώκων</span> <span class='ocrx_word' id='word_1_262' title='bbox 333 2115 467 2154; x_wconf 80' lang='lat' dir='ltr'><strong>quintam</strong></span> <span class='ocrx_word' id='word_1_263' title='bbox 489 2112 702 2152; x_wconf 85' lang='lat' dir='ltr'><strong>suffragiorum</strong></span> <span class='ocrx_word' id='word_1_264' title='bbox 728 2118 845 2152; x_wconf 87' lang='lat' dir='ltr'><strong>partem</strong></span> <span class='ocrx_word' id='word_1_265' title='bbox 868 2122 926 2141; x_wconf 92' lang='lat' dir='ltr'><strong>non</strong></span> 
     </span>
     <span class='ocr_line' id='line_1_42' title="bbox 216 2154 926 2193; baseline -0.007 -5"><span class='ocrx_word' id='word_1_266' title='bbox 216 2158 384 2193; x_wconf 74' lang='lat' dir='ltr'><strong>obtinebat,</strong></span> <span class='ocrx_word' id='word_1_267' title='bbox 401 2158 448 2187; x_wconf 88' lang='grc' dir='ltr'><strong>Μ.</strong></span> <span class='ocrx_word' id='word_1_268' title='bbox 460 2156 615 2186; x_wconf 81' lang='lat' dir='ltr'>drachmis</span> <span class='ocrx_word' id='word_1_269' title='bbox 631 2156 851 2192; x_wconf 80' lang='lat' dir='ltr'><strong>mulctabatnr3</strong></span> <span class='ocrx_word' id='word_1_270' title='bbox 867 2154 926 2184; x_wconf 86' lang='grc' dir='ltr'>εἷο--</span> 
     </span>
     <span class='ocr_line' id='line_1_43' title="bbox 217 2199 928 2239; baseline -0.006 -9"><span class='ocrx_word' id='word_1_271' title='bbox 217 2199 340 2239; x_wconf 84' lang='grc' dir='ltr'>αγγελία</span> <span class='ocrx_word' id='word_1_272' title='bbox 367 2204 468 2230; x_wconf 87' lang='lat' dir='ltr'><strong>autem</strong></span> <span class='ocrx_word' id='word_1_273' title='bbox 493 2199 585 2228; x_wconf 89' lang='lat' dir='ltr'><strong>fiebat</strong></span> <span class='ocrx_word' id='word_1_274' title='bbox 610 2199 744 2238; x_wconf 89' lang='lat' dir='ltr'><strong>impune,</strong></span> <span class='ocrx_word' id='word_1_275' title='bbox 772 2202 864 2237; x_wconf 87' lang='lat' dir='ltr'><strong>atque</strong></span> <span class='ocrx_word' id='word_1_276' title='bbox 891 2207 928 2227; x_wconf 85' lang='lat' dir='ltr'><strong>ea</strong></span> 
     </span>
     <span class='ocr_line' id='line_1_44' title="bbox 216 2241 927 2283; baseline -0.004 -10"><span class='ocrx_word' id='word_1_277' title='bbox 216 2243 361 2279; x_wconf 82' lang='lat' dir='ltr'>maxime,</span> <span class='ocrx_word' id='word_1_278' title='bbox 369 2253 436 2283; x_wconf 85' lang='lat' dir='ltr'><strong>qnae</strong></span> <span class='ocrx_word' id='word_1_279' title='bbox 446 2242 587 2280; x_wconf 85' lang='lat' dir='ltr'><strong>injuriam</strong></span> <span class='ocrx_word' id='word_1_280' title='bbox 596 2241 806 2280; x_wconf 82' lang='lat' dir='ltr'><strong>impuberibus</strong></span> <span class='ocrx_word' id='word_1_281' title='bbox 818 2242 927 2270; x_wconf 88' lang='lat' dir='ltr'><strong>factam</strong></span> 
     </span>
     <span class='ocr_line' id='line_1_45' title="bbox 217 2284 927 2322; baseline -0.006 -5"><span class='ocrx_word' id='word_1_282' title='bbox 217 2287 314 2317; x_wconf 87' lang='lat' dir='ltr'><strong>ultum</strong></span> <span class='ocrx_word' id='word_1_283' title='bbox 327 2286 401 2316; x_wconf 88' lang='lat' dir='ltr'><strong>ibat.</strong></span> <span class='ocrx_word' id='word_1_284' title='bbox 436 2286 579 2315; x_wconf 89' lang='lat' dir='ltr'><strong>Ceterum</strong></span> <span class='ocrx_word' id='word_1_285' title='bbox 592 2295 677 2314; x_wconf 90' lang='lat' dir='ltr'><strong>error</strong></span> <span class='ocrx_word' id='word_1_286' title='bbox 689 2289 737 2314; x_wconf 88' lang='lat' dir='ltr'><strong>est</strong></span> <span class='ocrx_word' id='word_1_287' title='bbox 753 2285 834 2322; x_wconf 87' lang='lat' dir='ltr'><strong>apud</strong></span> <span class='ocrx_word' id='word_1_288' title='bbox 846 2284 927 2313; x_wconf 85' lang='lat' dir='ltr'><strong>Har-</strong></span> 
     </span>
     <span class='ocr_line' id='line_1_46' title="bbox 217 2325 926 2370; baseline -0.007 -10"><span class='ocrx_word' id='word_1_289' title='bbox 217 2329 427 2370; x_wconf 83' lang='lat' dir='ltr'><strong>pocrationem</strong></span> <span class='ocrx_word' id='word_1_290' title='bbox 442 2339 448 2358; x_wconf 74' lang='grc' dir='ltr'>ε</span> <span class='ocrx_word' id='word_1_291' title='bbox 476 2328 636 2364; x_wconf 73' lang='grc' dir='ltr'>κακώσεως,</span> <span class='ocrx_word' id='word_1_292' title='bbox 652 2327 726 2362; x_wconf 80' lang='grc' dir='ltr'>δίκης</span> <span class='ocrx_word' id='word_1_293' title='bbox 741 2326 826 2366; x_wconf 71' lang='grc' dir='ltr'>ὄνομα</span> <span class='ocrx_word' id='word_1_294' title='bbox 848 2325 926 2362; x_wconf 78' lang='grc' dir='ltr'>ἐστι,</span> 
     </span>
     <span class='ocr_line' id='line_1_47' title="bbox 216 2368 927 2411; baseline -0.006 -9"><span class='ocrx_word' id='word_1_295' title='bbox 216 2374 285 2408; x_wconf 79' lang='grc' dir='ltr'>ταῖς</span> <span class='ocrx_word' id='word_1_296' title='bbox 303 2383 337 2402; x_wconf 79' lang='grc' dir='ltr'><strong>τε</strong></span> <span class='ocrx_word' id='word_1_297' title='bbox 356 2371 519 2411; x_wconf 69' lang='grc' dir='ltr'>ἐπικλήροις,</span> <span class='ocrx_word' id='word_1_298' title='bbox 534 2372 614 2400; x_wconf 71' lang='grc' dir='ltr'>κατὰ</span> <span class='ocrx_word' id='word_1_299' title='bbox 635 2372 690 2400; x_wconf 80' lang='grc' dir='ltr'>τῶν</span> <span class='ocrx_word' id='word_1_300' title='bbox 710 2368 927 2409; x_wconf 80' lang='grc' dir='ltr'>γεγαμηκότων,</span> 
     </span>
     <span class='ocr_line' id='line_1_48' title="bbox 216 2413 927 2451; baseline -0.006 -6"><span class='ocrx_word' id='word_1_301' title='bbox 216 2416 265 2445; x_wconf 77' lang='grc' dir='ltr'><strong>καὶ</strong></span> <span class='ocrx_word' id='word_1_302' title='bbox 281 2416 360 2445; x_wconf 72' lang='grc' dir='ltr'>κατὰ</span> <span class='ocrx_word' id='word_1_303' title='bbox 376 2417 430 2444; x_wconf 82' lang='grc' dir='ltr'>τῶν</span> <span class='ocrx_word' id='word_1_304' title='bbox 445 2413 549 2445; x_wconf 80' lang='grc' dir='ltr'>παίδων</span> <span class='ocrx_word' id='word_1_305' title='bbox 564 2414 624 2447; x_wconf 80' lang='grc' dir='ltr'>τοῖς</span> <span class='ocrx_word' id='word_1_306' title='bbox 642 2415 759 2451; x_wconf 77' lang='grc' dir='ltr'>γονεῦσι,</span> <span class='ocrx_word' id='word_1_307' title='bbox 778 2413 826 2442; x_wconf 76' lang='grc' dir='ltr'><strong>καὶ</strong></span> <span class='ocrx_word' id='word_1_308' title='bbox 847 2414 927 2442; x_wconf 70' lang='grc' dir='ltr'>κατὰ.</span> 
     </span>
     <span class='ocr_line' id='line_1_49' title="bbox 218 2455 926 2498; baseline -0.006 -10"><span class='ocrx_word' id='word_1_309' title='bbox 218 2461 273 2489; x_wconf 73' lang='grc' dir='ltr'>τῶν</span> <span class='ocrx_word' id='word_1_310' title='bbox 294 2457 459 2498; x_wconf 56' lang='grc' dir='ltr'>ἐπιτρόπων</span> <span class='ocrx_word' id='word_1_311' title='bbox 480 2457 539 2489; x_wconf 84' lang='grc' dir='ltr'>τοῖς</span> <span class='ocrx_word' id='word_1_312' title='bbox 559 2456 628 2496; x_wconf 81' lang='grc' dir='ltr'>ὑπὲρ</span> <span class='ocrx_word' id='word_1_313' title='bbox 648 2458 702 2486; x_wconf 78' lang='grc' dir='ltr'>τῶν</span> <span class='ocrx_word' id='word_1_314' title='bbox 724 2455 853 2496; x_wconf 74' lang='grc' dir='ltr'>ὄςφάνων.</span> <span class='ocrx_word' id='word_1_315' title='bbox 892 2456 926 2485; x_wconf 90' lang='lat' dir='ltr'><strong>Si</strong></span> 
     </span>
     <span class='ocr_line' id='line_1_50' title="bbox 217 2497 927 2539; baseline -0.006 -8"><span class='ocrx_word' id='word_1_316' title='bbox 217 2502 366 2535; x_wconf 74' lang='grc' dir='ltr'>κακώσεως</span> <span class='ocrx_word' id='word_1_317' title='bbox 383 2499 454 2531; x_wconf 82' lang='grc' dir='ltr'>δίκην</span> <span class='ocrx_word' id='word_1_318' title='bbox 475 2501 553 2529; x_wconf 71' lang='grc' dir='ltr'>κατὰ</span> <span class='ocrx_word' id='word_1_319' title='bbox 575 2502 631 2529; x_wconf 81' lang='grc' dir='ltr'>τῶν</span> <span class='ocrx_word' id='word_1_320' title='bbox 652 2497 858 2539; x_wconf 65' lang='grc' dir='ltr'>γεγαμηκότων</span> <span class='ocrx_word' id='word_1_321' title='bbox 879 2509 927 2528; x_wconf 90' lang='lat' dir='ltr'><strong>re-</strong></span> 
     </span>
     <span class='ocr_line' id='line_1_51' title="bbox 219 2541 926 2584; baseline -0.003 -10"><span class='ocrx_word' id='word_1_322' title='bbox 219 2545 342 2584; x_wconf 82' lang='lat' dir='ltr'><strong>stringit</strong></span> <span class='ocrx_word' id='word_1_323' title='bbox 357 2544 393 2573; x_wconf 92' lang='lat' dir='ltr'><strong>ad</strong></span> <span class='ocrx_word' id='word_1_324' title='bbox 409 2544 491 2582; x_wconf 84' lang='lat' dir='ltr'><strong>solas</strong></span> <span class='ocrx_word' id='word_1_325' title='bbox 506 2542 679 2582; x_wconf 73' lang='grc' dir='ltr'>ἐπικλήςους,</span> <span class='ocrx_word' id='word_1_326' title='bbox 694 2543 784 2581; x_wconf 87' lang='lat' dir='ltr'><strong>longe</strong></span> <span class='ocrx_word' id='word_1_327' title='bbox 801 2541 926 2572; x_wconf 81' lang='lat' dir='ltr'><strong>fallitur.</strong></span> 
     </span>
     <span class='ocr_line' id='line_1_52' title="bbox 219 2585 927 2625; baseline -0.007 -7"><span class='ocrx_word' id='word_1_328' title='bbox 219 2588 358 2618; x_wconf 89' lang='lat' dir='ltr'><strong>Dabatur</strong></span> <span class='ocrx_word' id='word_1_329' title='bbox 374 2587 453 2616; x_wconf 89' lang='lat' dir='ltr'><strong>enim</strong></span> <span class='ocrx_word' id='word_1_330' title='bbox 472 2585 661 2625; x_wconf 88' lang='lat' dir='ltr'><strong>quibuslibet</strong></span> <span class='ocrx_word' id='word_1_331' title='bbox 683 2586 832 2615; x_wconf 77' lang='lat' dir='ltr'><strong>uxoribus</strong></span> <span class='ocrx_word' id='word_1_332' title='bbox 855 2595 927 2614; x_wconf 89' lang='lat' dir='ltr'><strong>con-</strong></span> 
     </span>
     <span class='ocr_line' id='line_1_53' title="bbox 220 2629 926 2668; baseline -0.007 -7"><span class='ocrx_word' id='word_1_333' title='bbox 220 2635 268 2661; x_wconf 86' lang='lat' dir='ltr'><strong>tra</strong></span> <span class='ocrx_word' id='word_1_334' title='bbox 287 2631 423 2666; x_wconf 80' lang='lat' dir='ltr'><strong>maritos,</strong></span> <span class='ocrx_word' id='word_1_335' title='bbox 438 2640 455 2659; x_wconf 88' lang='lat' dir='ltr'><strong>a</strong></span> <span class='ocrx_word' id='word_1_336' title='bbox 475 2629 586 2668; x_wconf 90' lang='lat' dir='ltr'><strong>quibus</strong></span> <span class='ocrx_word' id='word_1_337' title='bbox 609 2629 688 2658; x_wconf 82' lang='lat' dir='ltr'><strong>male</strong></span> <span class='ocrx_word' id='word_1_338' title='bbox 711 2629 926 2658; x_wconf 81' lang='lat' dir='ltr'><strong>tractabantur.</strong></span> 
     </span>
     <span class='ocr_line' id='line_1_54' title="bbox 219 2670 927 2713; baseline -0.007 -9"><span class='ocrx_word' id='word_1_339' title='bbox 219 2674 251 2704; x_wconf 91' lang='lat' dir='ltr'><strong>Si</strong></span> <span class='ocrx_word' id='word_1_340' title='bbox 264 2672 388 2713; x_wconf 84' lang='lat' dir='ltr'><strong>scripsit</strong></span> <span class='ocrx_word' id='word_1_341' title='bbox 399 2674 479 2703; x_wconf 71' lang='grc' dir='ltr'>κατὰ,</span> <span class='ocrx_word' id='word_1_342' title='bbox 493 2674 548 2702; x_wconf 78' lang='grc' dir='ltr'>τῶν</span> <span class='ocrx_word' id='word_1_343' title='bbox 563 2671 597 2700; x_wconf 76' lang='grc' dir='ltr'><strong>οὗ</strong></span> <span class='ocrx_word' id='word_1_344' title='bbox 612 2670 817 2711; x_wconf 78' lang='grc' dir='ltr'>γεγαμηκότων</span> <span class='ocrx_word' id='word_1_345' title='bbox 829 2671 927 2710; x_wconf 90' lang='lat' dir='ltr'><strong>(quod</strong></span> 
     </span>
     <span class='ocr_line' id='line_1_55' title="bbox 219 2714 927 2755; baseline -0.007 -8"><span class='ocrx_word' id='word_1_346' title='bbox 219 2726 277 2746; x_wconf 91' lang='lat' dir='ltr'><strong>non</strong></span> <span class='ocrx_word' id='word_1_347' title='bbox 301 2722 386 2755; x_wconf 85' lang='lat' dir='ltr'><strong>puto,</strong></span> <span class='ocrx_word' id='word_1_348' title='bbox 410 2715 483 2755; x_wconf 84' lang='lat' dir='ltr'><strong>quia</strong></span> <span class='ocrx_word' id='word_1_349' title='bbox 502 2715 635 2754; x_wconf 89' lang='lat' dir='ltr'>priorem</span> <span class='ocrx_word' id='word_1_350' title='bbox 656 2715 817 2744; x_wconf 88' lang='lat' dir='ltr'><strong>lectionem</strong></span> <span class='ocrx_word' id='word_1_351' title='bbox 836 2714 927 2743; x_wconf 85' lang='lat' dir='ltr'><strong>etiam</strong></span> 
     </span>
     <span class='ocr_line' id='line_1_56' title="bbox 220 2756 926 2798; baseline -0.006 -9"><span class='ocrx_word' id='word_1_352' title='bbox 220 2759 330 2790; x_wconf 85' lang='lat' dir='ltr'><strong>Suidas</strong></span> <span class='ocrx_word' id='word_1_353' title='bbox 345 2763 470 2789; x_wconf 81' lang='lat' dir='ltr'><strong>secutus</strong></span> <span class='ocrx_word' id='word_1_354' title='bbox 485 2757 559 2798; x_wconf 84' lang='lat' dir='ltr'><strong>est),</strong></span> <span class='ocrx_word' id='word_1_355' title='bbox 575 2757 708 2797; x_wconf 81' lang='lat' dir='ltr'><strong>pertinet</strong></span> <span class='ocrx_word' id='word_1_356' title='bbox 724 2758 757 2787; x_wconf 85' lang='lat' dir='ltr'><strong>id</strong></span> <span class='ocrx_word' id='word_1_357' title='bbox 773 2757 810 2787; x_wconf 83' lang='lat' dir='ltr'><strong>ad</strong></span> <span class='ocrx_word' id='word_1_358' title='bbox 827 2756 926 2796; x_wconf 87' lang='lat' dir='ltr'><strong>legem</strong></span> 
     </span>
     <span class='ocr_line' id='line_1_57' title="bbox 218 2800 928 2842; baseline -0.007 -9"><span class='ocrx_word' id='word_1_359' title='bbox 218 2813 308 2842; x_wconf 90' lang='lat' dir='ltr'><strong>qnam</strong></span> <span class='ocrx_word' id='word_1_360' title='bbox 323 2802 542 2842; x_wconf 82' lang='lat' dir='ltr'><strong>percurrimus,</strong></span> <span class='ocrx_word' id='word_1_361' title='bbox 557 2801 612 2831; x_wconf 87' lang='lat' dir='ltr'><strong>sed</strong></span> <span class='ocrx_word' id='word_1_362' title='bbox 629 2806 659 2830; x_wconf 92' lang='lat' dir='ltr'><strong>et</strong></span> <span class='ocrx_word' id='word_1_363' title='bbox 675 2802 731 2830; x_wconf 86' lang='lat' dir='ltr'><strong>hoc</strong></span> <span class='ocrx_word' id='word_1_364' title='bbox 745 2800 835 2830; x_wconf 89' lang='lat' dir='ltr'><strong>modo</strong></span> <span class='ocrx_word' id='word_1_365' title='bbox 849 2800 928 2838; x_wconf 85' lang='lat' dir='ltr'><strong>inju-</strong></span> 
     </span>
     <span class='ocr_line' id='line_1_58' title="bbox 220 2843 927 2876; baseline -0.004 -2"><span class='ocrx_word' id='word_1_366' title='bbox 220 2845 266 2875; x_wconf 81' lang='lat' dir='ltr'><strong>ria</strong></span> <span class='ocrx_word' id='word_1_367' title='bbox 280 2845 430 2876; x_wconf 82' lang='lat' dir='ltr'><strong>uxoribus</strong></span> <span class='ocrx_word' id='word_1_368' title='bbox 446 2854 464 2874; x_wconf 85' lang='lat' dir='ltr'><strong>a</strong></span> <span class='ocrx_word' id='word_1_369' title='bbox 479 2844 597 2874; x_wconf 86' lang='lat' dir='ltr'><strong>maritis</strong></span> <span class='ocrx_word' id='word_1_370' title='bbox 608 2844 689 2874; x_wconf 83' lang='lat' dir='ltr'><strong>facta</strong></span> <span class='ocrx_word' id='word_1_371' title='bbox 703 2843 869 2873; x_wconf 79' lang='lat' dir='ltr'><strong>omittitur:</strong></span> <span class='ocrx_word' id='word_1_372' title='bbox 888 2843 927 2872; x_wconf 84' lang='lat' dir='ltr'><strong>de</strong></span> 
     </span>
     <span class='ocr_line' id='line_1_59' title="bbox 219 2885 930 2928; baseline -0.004 -11"><span class='ocrx_word' id='word_1_373' title='bbox 219 2898 280 2926; x_wconf 85' lang='lat' dir='ltr'><strong>qua</strong></span> <span class='ocrx_word' id='word_1_374' title='bbox 295 2888 344 2918; x_wconf 83' lang='lat' dir='ltr'><strong>hio</strong></span> <span class='ocrx_word' id='word_1_375' title='bbox 357 2899 415 2919; x_wconf 88' lang='lat' dir='ltr'><strong>non</strong></span> <span class='ocrx_word' id='word_1_376' title='bbox 430 2897 567 2928; x_wconf 87' lang='lat' dir='ltr'><strong>agemus,</strong></span> <span class='ocrx_word' id='word_1_377' title='bbox 582 2897 681 2926; x_wconf 86' lang='lat' dir='ltr'><strong>neque</strong></span> <span class='ocrx_word' id='word_1_378' title='bbox 696 2886 766 2926; x_wconf 62' lang='lat' dir='ltr'><strong>weg?</strong></span> <span class='ocrx_word' id='word_1_379' title='bbox 780 2885 930 2919; x_wconf 81' lang='grc' dir='ltr'>κακώσεως</span> 
     </span>
     <span class='ocr_line' id='line_1_60' title="bbox 220 2929 929 2971; baseline -0.001 -12"><span class='ocrx_word' id='word_1_380' title='bbox 220 2932 275 2959; x_wconf 78' lang='grc' dir='ltr'>τῶν</span> <span class='ocrx_word' id='word_1_381' title='bbox 289 2931 393 2968; x_wconf 83' lang='grc' dir='ltr'>γονέων,</span> <span class='ocrx_word' id='word_1_382' title='bbox 405 2932 475 2971; x_wconf 89' lang='lat' dir='ltr'><strong>quia</strong></span> <span class='ocrx_word' id='word_1_383' title='bbox 488 2932 525 2961; x_wconf 90' lang='lat' dir='ltr'><strong>de</strong></span> <span class='ocrx_word' id='word_1_384' title='bbox 540 2930 589 2960; x_wconf 88' lang='lat' dir='ltr'><strong>his</strong></span> <span class='ocrx_word' id='word_1_385' title='bbox 601 2930 752 2964; x_wconf 78' lang='grc' dir='ltr'>κακώσεως</span> <span class='ocrx_word' id='word_1_386' title='bbox 765 2929 929 2968; x_wconf 87' lang='lat' dir='ltr'><strong>speciebus</strong></span> 
     </span>
     <span class='ocr_line' id='line_1_61' title="bbox 221 2972 929 3012; baseline 0 -10"><span class='ocrx_word' id='word_1_387' title='bbox 221 2973 303 3003; x_wconf 77' lang='lat' dir='ltr'><strong>nulla</strong></span> <span class='ocrx_word' id='word_1_388' title='bbox 326 2974 454 3004; x_wconf 77' lang='lat' dir='ltr'><strong>dabatur</strong></span> <span class='ocrx_word' id='word_1_389' title='bbox 469 2972 652 3011; x_wconf 73' lang='grc' dir='ltr'>εἰσαγγελία,</span> <span class='ocrx_word' id='word_1_390' title='bbox 674 2983 772 3012; x_wconf 85' lang='lat' dir='ltr'><strong>neque</strong></span> <span class='ocrx_word' id='word_1_391' title='bbox 791 2978 856 3003; x_wconf 82' lang='lat' dir='ltr'><strong>erat</strong></span> <span class='ocrx_word' id='word_1_392' title='bbox 879 2982 929 3002; x_wconf 82' lang='lat' dir='ltr'><strong>ac-</strong></span> 
     </span>
    </p>
   </div>
   <div class='ocr_carea' id='block_1_8' title="bbox 956 1166 1675 3000">
    <p class='ocr_par' dir='ltr' id='par_1_8' title="bbox 956 1166 1673 1635">
     <span class='ocr_line' id='line_1_62' title="bbox 956 1166 1672 1207; baseline 0.001 -11"><span class='ocrx_word' id='word_1_393' title='bbox 956 1166 1074 1196; x_wconf 89' lang='lat' dir='ltr'><strong>cusatio</strong></span> <span class='ocrx_word' id='word_1_394' title='bbox 1103 1166 1166 1196; x_wconf 84' lang='lat' dir='ltr'><strong>ulla.</strong></span> <span class='ocrx_word' id='word_1_395' title='bbox 1192 1167 1316 1206; x_wconf 86' lang='lat' dir='ltr'><strong>publica</strong></span> <span class='ocrx_word' id='word_1_396' title='bbox 1343 1166 1504 1202; x_wconf 89' lang='lat' dir='ltr'><strong>instituta;</strong></span> <span class='ocrx_word' id='word_1_397' title='bbox 1532 1172 1565 1197; x_wconf 89' lang='lat' dir='ltr'><strong>ut</strong></span> <span class='ocrx_word' id='word_1_398' title='bbox 1591 1167 1672 1207; x_wconf 90' lang='lat' dir='ltr'><strong>quod</strong></span> 
     </span>
     <span class='ocr_line' id='line_1_63' title="bbox 956 1209 1672 1248; baseline 0.001 -9"><span class='ocrx_word' id='word_1_399' title='bbox 956 1210 1185 1248; x_wconf 81' lang='lat' dir='ltr'><strong>Harpocration</strong></span> <span class='ocrx_word' id='word_1_400' title='bbox 1208 1210 1237 1238; x_wconf 90' lang='lat' dir='ltr'><strong>in</strong></span> <span class='ocrx_word' id='word_1_401' title='bbox 1262 1210 1400 1239; x_wconf 79' lang='lat' dir='ltr'><strong>dictione</strong></span> <span class='ocrx_word' id='word_1_402' title='bbox 1423 1209 1592 1248; x_wconf 81' lang='grc' dir='ltr'>εἰσαγγελία</span> <span class='ocrx_word' id='word_1_403' title='bbox 1618 1211 1672 1246; x_wconf 88' lang='lat' dir='ltr'><strong>ait,</strong></span> 
     </span>
     <span class='ocr_line' id='line_1_64' title="bbox 956 1250 1673 1291; baseline 0.003 -10"><span class='ocrx_word' id='word_1_404' title='bbox 956 1251 1138 1291; x_wconf 75' lang='grc' dir='ltr'>εἰσαγγελίαν</span> <span class='ocrx_word' id='word_1_405' title='bbox 1162 1250 1304 1290; x_wconf 66' lang='grc' dir='ltr'>λέγεσθαι</span> <span class='ocrx_word' id='word_1_406' title='bbox 1328 1251 1384 1282; x_wconf 63' lang='grc' dir='ltr'>ἐπὶ</span> <span class='ocrx_word' id='word_1_407' title='bbox 1411 1254 1477 1286; x_wconf 80' lang='grc' dir='ltr'>ταῖς</span> <span class='ocrx_word' id='word_1_408' title='bbox 1502 1254 1673 1289; x_wconf 69' lang='grc' dir='ltr'>κακώσεσιν,</span> 
     </span>
     <span class='ocr_line' id='line_1_65' title="bbox 957 1295 1673 1333; baseline 0.003 -9"><span class='ocrx_word' id='word_1_409' title='bbox 957 1306 1016 1324; x_wconf 86' lang='grc' dir='ltr'><strong>ηοη</strong></span> <span class='ocrx_word' id='word_1_410' title='bbox 1035 1296 1073 1324; x_wconf 86' lang='lat' dir='ltr'><strong>sit</strong></span> <span class='ocrx_word' id='word_1_411' title='bbox 1089 1296 1126 1324; x_wconf 87' lang='lat' dir='ltr'><strong>ad</strong></span> <span class='ocrx_word' id='word_1_412' title='bbox 1144 1295 1297 1333; x_wconf 89' lang='lat' dir='ltr'><strong>quaslibet</strong></span> <span class='ocrx_word' id='word_1_413' title='bbox 1313 1295 1451 1329; x_wconf 73' lang='grc' dir='ltr'>κακώσεις</span> <span class='ocrx_word' id='word_1_414' title='bbox 1467 1296 1673 1333; x_wconf 82' lang='lat' dir='ltr'><strong>referendum,</strong></span> 
     </span>
     <span class='ocr_line' id='line_1_66' title="bbox 958 1338 1672 1377; baseline 0.003 -10"><span class='ocrx_word' id='word_1_415' title='bbox 958 1338 1014 1367; x_wconf 90' lang='lat' dir='ltr'><strong>sed</strong></span> <span class='ocrx_word' id='word_1_416' title='bbox 1031 1339 1070 1368; x_wconf 90' lang='lat' dir='ltr'><strong>ad</strong></span> <span class='ocrx_word' id='word_1_417' title='bbox 1084 1348 1134 1368; x_wconf 88' lang='lat' dir='ltr'><strong>eas</strong></span> <span class='ocrx_word' id='word_1_418' title='bbox 1143 1342 1270 1374; x_wconf 84' lang='lat' dir='ltr'><strong>tantum,</strong></span> <span class='ocrx_word' id='word_1_419' title='bbox 1281 1349 1347 1376; x_wconf 89' lang='lat' dir='ltr'><strong>quae</strong></span> <span class='ocrx_word' id='word_1_420' title='bbox 1361 1338 1573 1377; x_wconf 85' lang='lat' dir='ltr'><strong>impuberibus</strong></span> <span class='ocrx_word' id='word_1_421' title='bbox 1587 1339 1672 1369; x_wconf 88' lang='lat' dir='ltr'><strong>fiunt.</strong></span> 
     </span>
     <span class='ocr_line' id='line_1_67' title="bbox 959 1380 1672 1412; baseline 0.003 -2"><span class='ocrx_word' id='word_1_422' title='bbox 959 1380 1087 1410; x_wconf 78' lang='lat' dir='ltr'><strong>Herald.</strong></span> <span class='ocrx_word' id='word_1_423' title='bbox 1104 1381 1206 1410; x_wconf 77' lang='lat' dir='ltr'><strong>Anim.</strong></span> <span class='ocrx_word' id='word_1_424' title='bbox 1225 1383 1255 1410; x_wconf 88' lang='lat' dir='ltr'><strong>in</strong></span> <span class='ocrx_word' id='word_1_425' title='bbox 1271 1381 1394 1410; x_wconf 79' lang='lat' dir='ltr'><strong>Salmas.</strong></span> <span class='ocrx_word' id='word_1_426' title='bbox 1412 1381 1491 1411; x_wconf 76' lang='lat' dir='ltr'><strong>Obss.</strong></span> <span class='ocrx_word' id='word_1_427' title='bbox 1508 1383 1547 1411; x_wconf 80' lang='lat' dir='ltr'><strong>ad</strong></span> <span class='ocrx_word' id='word_1_428' title='bbox 1561 1381 1620 1412; x_wconf 85' lang='lat' dir='ltr'><strong>Jus</strong></span> <span class='ocrx_word' id='word_1_429' title='bbox 1634 1383 1672 1412; x_wconf 85' lang='lat' dir='ltr'><strong>A.</strong></span> 
     </span>
     <span class='ocr_line' id='line_1_68' title="bbox 957 1423 1672 1464; baseline 0.004 -12"><span class='ocrx_word' id='word_1_430' title='bbox 957 1429 985 1453; x_wconf 77' lang='lat' dir='ltr'><strong>et</strong></span> <span class='ocrx_word' id='word_1_431' title='bbox 1002 1423 1041 1452; x_wconf 86' lang='lat' dir='ltr'><strong>R.</strong></span> <span class='ocrx_word' id='word_1_432' title='bbox 1068 1424 1087 1453; x_wconf 89' lang='lat' dir='ltr'><strong>l.</strong></span> <span class='ocrx_word' id='word_1_433' title='bbox 1107 1424 1171 1452; x_wconf 83' lang='lat'><em>111.</em></span> <span class='ocrx_word' id='word_1_434' title='bbox 1188 1434 1215 1453; x_wconf 87' lang='lat' dir='ltr'><strong>c.</strong></span> <span class='ocrx_word' id='word_1_435' title='bbox 1233 1424 1309 1453; x_wconf 82' lang='lat' dir='ltr'><strong>XV.</strong></span> <span class='ocrx_word' id='word_1_436' title='bbox 1349 1424 1398 1453; x_wconf 85' lang='lat' dir='ltr'><strong>De</strong></span> <span class='ocrx_word' id='word_1_437' title='bbox 1423 1425 1478 1453; x_wconf 89' lang='lat' dir='ltr'><strong>hac</strong></span> <span class='ocrx_word' id='word_1_438' title='bbox 1503 1425 1571 1464; x_wconf 81' lang='lat' dir='ltr'><strong>lege</strong></span> <span class='ocrx_word' id='word_1_439' title='bbox 1600 1425 1672 1455; x_wconf 84' lang='lat' dir='ltr'><strong>vide</strong></span> 
     </span>
     <span class='ocr_line' id='line_1_69' title="bbox 958 1466 1673 1505; baseline 0.004 -11"><span class='ocrx_word' id='word_1_440' title='bbox 958 1476 1081 1505; x_wconf 88' lang='lat' dir='ltr'><strong>quoque</strong></span> <span class='ocrx_word' id='word_1_441' title='bbox 1097 1466 1280 1501; x_wconf 73' lang='lat' dir='ltr'><strong>Meursium,</strong></span> <span class='ocrx_word' id='word_1_442' title='bbox 1292 1467 1322 1495; x_wconf 92' lang='lat' dir='ltr'><strong>in</strong></span> <span class='ocrx_word' id='word_1_443' title='bbox 1339 1467 1445 1496; x_wconf 82' lang='lat' dir='ltr'><strong>Them.</strong></span> <span class='ocrx_word' id='word_1_444' title='bbox 1459 1467 1554 1497; x_wconf 74' lang='lat' dir='ltr'><strong>Attio.</strong></span> <span class='ocrx_word' id='word_1_445' title='bbox 1570 1468 1592 1496; x_wconf 89' lang='lat' dir='ltr'><strong>l.</strong></span> <span class='ocrx_word' id='word_1_446' title='bbox 1605 1469 1632 1497; x_wconf 94' lang='grc' dir='ltr'><strong>Ι.</strong></span> <span class='ocrx_word' id='word_1_447' title='bbox 1645 1479 1673 1498; x_wconf 90' lang='lat' dir='ltr'><strong>c.</strong></span> 
     </span>
     <span class='ocr_line' id='line_1_70' title="bbox 959 1509 1672 1547; baseline 0.003 -9"><span class='ocrx_word' id='word_1_448' title='bbox 959 1509 1060 1539; x_wconf 82' lang='lat' dir='ltr'>XIII.</span> <span class='ocrx_word' id='word_1_449' title='bbox 1077 1514 1108 1538; x_wconf 86' lang='lat' dir='ltr'><strong>et</strong></span> <span class='ocrx_word' id='word_1_450' title='bbox 1124 1510 1211 1538; x_wconf 81' lang='lat' dir='ltr'><strong>Lect.</strong></span> <span class='ocrx_word' id='word_1_451' title='bbox 1233 1509 1329 1538; x_wconf 77' lang='lat' dir='ltr'><strong>Attic-</strong></span> <span class='ocrx_word' id='word_1_452' title='bbox 1355 1510 1377 1538; x_wconf 86' lang='lat' dir='ltr'><strong>l.</strong></span> <span class='ocrx_word' id='word_1_453' title='bbox 1396 1510 1431 1540; x_wconf 86' lang='lat' dir='ltr'><strong>V.</strong></span> <span class='ocrx_word' id='word_1_454' title='bbox 1452 1520 1479 1539; x_wconf 88' lang='lat' dir='ltr'><strong>c.</strong></span> <span class='ocrx_word' id='word_1_455' title='bbox 1499 1511 1537 1545; x_wconf 81' lang='lat' dir='ltr'><strong>L,</strong></span> <span class='ocrx_word' id='word_1_456' title='bbox 1563 1511 1672 1547; x_wconf 76' lang='lat' dir='ltr'><strong>facem,</strong></span> 
     </span>
     <span class='ocr_line' id='line_1_71' title="bbox 958 1551 1673 1591; baseline 0.003 -10"><span class='ocrx_word' id='word_1_457' title='bbox 958 1551 1058 1591; x_wconf 87' lang='lat' dir='ltr'><strong>inquit</strong></span> <span class='ocrx_word' id='word_1_458' title='bbox 1070 1551 1315 1590; x_wconf 77' lang='lat' dir='ltr'><strong>VVesselingius,</strong></span> <span class='ocrx_word' id='word_1_459' title='bbox 1331 1553 1434 1581; x_wconf 75' lang='lat' dir='ltr'><strong>Petito</strong></span> <span class='ocrx_word' id='word_1_460' title='bbox 1447 1553 1673 1591; x_wconf 82' lang='lat' dir='ltr'><strong>praef&#39;ereutem,</strong></span> 
     </span>
     <span class='ocr_line' id='line_1_72' title="bbox 958 1594 1649 1635; baseline 0.003 -11"><span class='ocrx_word' id='word_1_461' title='bbox 958 1595 988 1624; x_wconf 88' lang='lat' dir='ltr'><strong>in</strong></span> <span class='ocrx_word' id='word_1_462' title='bbox 1009 1596 1105 1633; x_wconf 51' lang='lat' dir='ltr'><strong>Legg,</strong></span> <span class='ocrx_word' id='word_1_463' title='bbox 1121 1594 1215 1624; x_wconf 86' lang='lat' dir='ltr'><strong>Attic.</strong></span> <span class='ocrx_word' id='word_1_464' title='bbox 1232 1595 1253 1623; x_wconf 91' lang='lat' dir='ltr'><strong>l.</strong></span> <span class='ocrx_word' id='word_1_465' title='bbox 1272 1595 1326 1623; x_wconf 82' lang='lat' dir='ltr'><strong>VI.</strong></span> <span class='ocrx_word' id='word_1_466' title='bbox 1343 1600 1364 1623; x_wconf 84' lang='lat' dir='ltr'><strong>t.</strong></span> <span class='ocrx_word' id='word_1_467' title='bbox 1383 1595 1424 1624; x_wconf 92' lang='lat'><strong>11.</strong></span> <span class='ocrx_word' id='word_1_468' title='bbox 1442 1605 1472 1633; x_wconf 89' lang='lat' dir='ltr'><strong>p.</strong></span> <span class='ocrx_word' id='word_1_469' title='bbox 1489 1598 1564 1626; x_wconf 77' lang='lat'>551.</span> <span class='ocrx_word' id='word_1_470' title='bbox 1582 1607 1649 1635; x_wconf 82' lang='lat' dir='ltr'><strong>sqq.</strong></span> 
     </span>
    </p>

    <p class='ocr_par' dir='ltr' id='par_1_9' title="bbox 958 1635 1674 1978">
     <span class='ocr_line' id='line_1_73' title="bbox 994 1635 1673 1679; baseline 0.004 -13"><span class='ocrx_word' id='word_1_471' title='bbox 994 1635 1086 1667; x_wconf 62' lang='grc' dir='ltr'>’Ὅσαι</span> <span class='ocrx_word' id='word_1_472' title='bbox 1102 1637 1140 1671; x_wconf 83' lang='grc' dir='ltr'><strong>εἷς</strong></span> <span class='ocrx_word' id='word_1_473' title='bbox 1155 1636 1187 1666; x_wconf 58' lang='lat' dir='ltr'><strong>‘rb</strong></span> <span class='ocrx_word' id='word_1_474' title='bbox 1203 1636 1317 1667; x_wconf 56' lang='lat' dir='ltr'><strong>&amp;nutabit</strong></span> <span class='ocrx_word' id='word_1_475' title='bbox 1337 1639 1468 1679; x_wconf 71' lang='grc' dir='ltr'>τελοῦσι]</span> <span class='ocrx_word' id='word_1_476' title='bbox 1493 1641 1582 1672; x_wconf 81' lang='grc' dir='ltr'>Θῆτες</span> <span class='ocrx_word' id='word_1_477' title='bbox 1602 1644 1673 1669; x_wconf 77' lang='lat' dir='ltr'><strong>suut</strong></span> 
     </span>
     <span class='ocr_line' id='line_1_74' title="bbox 960 1680 1672 1721; baseline 0.003 -11"><span class='ocrx_word' id='word_1_478' title='bbox 960 1680 1241 1719; x_wconf 74' lang='lat' dir='ltr'><strong>mercenarii,paulo</strong></span> <span class='ocrx_word' id='word_1_479' title='bbox 1252 1680 1427 1719; x_wconf 87' lang='lat' dir='ltr'><strong>superiores</strong></span> <span class='ocrx_word' id='word_1_480' title='bbox 1438 1682 1545 1711; x_wconf 85' lang='lat' dir='ltr'><strong>servis.</strong></span> <span class='ocrx_word' id='word_1_481' title='bbox 1561 1682 1672 1721; x_wconf 90' lang='lat' dir='ltr'><strong>Itaque</strong></span> 
     </span>
     <span class='ocr_line' id='line_1_75' title="bbox 960 1724 1674 1763; baseline 0.004 -11"><span class='ocrx_word' id='word_1_482' title='bbox 960 1724 1044 1762; x_wconf 90' lang='lat' dir='ltr'><strong>apud</strong></span> <span class='ocrx_word' id='word_1_483' title='bbox 1069 1724 1229 1753; x_wconf 89' lang='lat' dir='ltr'><strong>Platonem</strong></span> <span class='ocrx_word' id='word_1_484' title='bbox 1256 1724 1458 1762; x_wconf 79' lang='lat' dir='ltr'><strong>Euthyphron</strong></span> <span class='ocrx_word' id='word_1_485' title='bbox 1488 1724 1674 1763; x_wconf 77' lang='lat' dir='ltr'><strong>exagitatur,</strong></span> 
     </span>
     <span class='ocr_line' id='line_1_76' title="bbox 960 1765 1674 1807; baseline 0.003 -11"><span class='ocrx_word' id='word_1_486' title='bbox 960 1766 989 1796; x_wconf 79' lang='grc' dir='ltr'><strong>οὗ</strong></span> <span class='ocrx_word' id='word_1_487' title='bbox 1017 1765 1183 1806; x_wconf 75' lang='grc' dir='ltr'>βουλόμενος</span> <span class='ocrx_word' id='word_1_488' title='bbox 1210 1765 1286 1806; x_wconf 63' lang='grc' dir='ltr'>ὑπὲρ</span> <span class='ocrx_word' id='word_1_489' title='bbox 1310 1765 1398 1799; x_wconf 67' lang='grc' dir='ltr'>θητὸς</span> <span class='ocrx_word' id='word_1_490' title='bbox 1423 1766 1513 1807; x_wconf 65' lang='grc' dir='ltr'>ἀνδρδς</span> <span class='ocrx_word' id='word_1_491' title='bbox 1535 1766 1674 1806; x_wconf 74' lang='grc' dir='ltr'>ἐπεξιέναι</span> 
     </span>
     <span class='ocr_line' id='line_1_77' title="bbox 959 1808 1674 1850; baseline 0.004 -12"><span class='ocrx_word' id='word_1_492' title='bbox 959 1808 1038 1849; x_wconf 72' lang='grc' dir='ltr'>φόνου</span> <span class='ocrx_word' id='word_1_493' title='bbox 1052 1810 1094 1848; x_wconf 71' lang='grc' dir='ltr'><strong>τῷ</strong></span> <span class='ocrx_word' id='word_1_494' title='bbox 1109 1808 1207 1849; x_wconf 77' lang='grc' dir='ltr'>πατρί.</span> <span class='ocrx_word' id='word_1_495' title='bbox 1233 1809 1318 1839; x_wconf 86' lang='lat' dir='ltr'><strong>Hinc</strong></span> <span class='ocrx_word' id='word_1_496' title='bbox 1333 1808 1428 1839; x_wconf 73' lang='grc' dir='ltr'>θῆσσα</span> <span class='ocrx_word' id='word_1_497' title='bbox 1443 1809 1576 1849; x_wconf 74' lang='grc' dir='ltr'>τράπεζα</span> <span class='ocrx_word' id='word_1_498' title='bbox 1591 1813 1674 1850; x_wconf 87' lang='lat' dir='ltr'><strong>apud</strong></span> 
     </span>
     <span class='ocr_line' id='line_1_78' title="bbox 960 1851 1673 1892; baseline 0.003 -10"><span class='ocrx_word' id='word_1_499' title='bbox 960 1852 1152 1892; x_wconf 84' lang='lat' dir='ltr'><strong>Euripidem,</strong></span> <span class='ocrx_word' id='word_1_500' title='bbox 1176 1855 1206 1882; x_wconf 89' lang='lat' dir='ltr'><strong>et</strong></span> <span class='ocrx_word' id='word_1_501' title='bbox 1229 1853 1354 1882; x_wconf 86' lang='lat' dir='ltr'><strong>verbum</strong></span> <span class='ocrx_word' id='word_1_502' title='bbox 1379 1851 1502 1888; x_wconf 63' lang='grc' dir='ltr'>θητεύω,</span> <span class='ocrx_word' id='word_1_503' title='bbox 1520 1853 1598 1882; x_wconf 90' lang='lat' dir='ltr'><strong>unde</strong></span> <span class='ocrx_word' id='word_1_504' title='bbox 1621 1867 1673 1885; x_wconf 80' lang='grc' dir='ltr'><strong>τη-</strong></span> 
     </span>
     <span class='ocr_line' id='line_1_79' title="bbox 960 1894 1673 1934; baseline 0.004 -9"><span class='ocrx_word' id='word_1_505' title='bbox 960 1894 1037 1925; x_wconf 65' lang='lat' dir='ltr'><strong>Seia.</strong></span> <span class='ocrx_word' id='word_1_506' title='bbox 1071 1895 1178 1925; x_wconf 83' lang='lat' dir='ltr'><strong>Latine</strong></span> <span class='ocrx_word' id='word_1_507' title='bbox 1194 1894 1256 1924; x_wconf 86' lang='lat' dir='ltr'><strong>dici</strong></span> <span class='ocrx_word' id='word_1_508' title='bbox 1280 1902 1419 1934; x_wconf 84' lang='lat' dir='ltr'><strong>possunt,</strong></span> <span class='ocrx_word' id='word_1_509' title='bbox 1435 1898 1530 1934; x_wconf 78' lang='lat' dir='ltr'><strong>capite</strong></span> <span class='ocrx_word' id='word_1_510' title='bbox 1549 1898 1624 1927; x_wconf 82' lang='lat' dir='ltr'><strong>censi</strong></span> <span class='ocrx_word' id='word_1_511' title='bbox 1645 1903 1673 1928; x_wconf 83' lang='lat' dir='ltr'><strong>et</strong></span> 
     </span>
     <span class='ocr_line' id='line_1_80' title="bbox 958 1937 1271 1978; baseline -0.003 -10"><span class='ocrx_word' id='word_1_512' title='bbox 958 1939 1122 1978; x_wconf 80' lang='lat' dir='ltr'><strong>proletarii.</strong></span> <span class='ocrx_word' id='word_1_513' title='bbox 1146 1937 1271 1968; x_wconf 79' lang='lat' dir='ltr'><strong>VVOLr.</strong></span> 
     </span>
    </p>

    <p class='ocr_par' dir='ltr' id='par_1_10' title="bbox 961 1979 1674 2150">
     <span class='ocr_line' id='line_1_81' title="bbox 1003 1979 1674 2020; baseline 0.004 -9"><span class='ocrx_word' id='word_1_514' title='bbox 1003 1979 1036 2010; x_wconf 70' lang='grc' dir='ltr'>Ὀ</span> <span class='ocrx_word' id='word_1_515' title='bbox 1052 1980 1107 2020; x_wconf 80' lang='grc' dir='ltr'><strong>μὲν</strong></span> <span class='ocrx_word' id='word_1_516' title='bbox 1126 1979 1442 2020; x_wconf 79' lang='grc' dir='ltr'>πεντακοσιομέδιμνος]</span> <span class='ocrx_word' id='word_1_517' title='bbox 1467 1981 1511 2011; x_wconf 90' lang='lat' dir='ltr'><strong>Hi</strong></span> <span class='ocrx_word' id='word_1_518' title='bbox 1529 1982 1674 2014; x_wconf 74' lang='lat' dir='ltr'><strong>ditissimi</strong></span> 
     </span>
     <span class='ocr_line' id='line_1_82' title="bbox 961 2024 1674 2063; baseline 0.004 -10"><span class='ocrx_word' id='word_1_519' title='bbox 961 2024 1092 2060; x_wconf 82' lang='lat' dir='ltr'><strong>fuerunt,</strong></span> <span class='ocrx_word' id='word_1_520' title='bbox 1119 2025 1164 2054; x_wconf 89' lang='lat' dir='ltr'><strong>sic</strong></span> <span class='ocrx_word' id='word_1_521' title='bbox 1188 2024 1266 2053; x_wconf 88' lang='lat' dir='ltr'><strong>dicti</strong></span> <span class='ocrx_word' id='word_1_522' title='bbox 1286 2034 1303 2053; x_wconf 89' lang='lat' dir='ltr'><strong>a</strong></span> <span class='ocrx_word' id='word_1_523' title='bbox 1326 2024 1560 2063; x_wconf 82' lang='lat' dir='ltr'><strong>quingentorum</strong></span> <span class='ocrx_word' id='word_1_524' title='bbox 1576 2027 1674 2056; x_wconf 86' lang='lat' dir='ltr'><strong>medi-</strong></span> 
     </span>
     <span class='ocr_line' id='line_1_83' title="bbox 962 2067 1672 2109; baseline 0.004 -13"><span class='ocrx_word' id='word_1_525' title='bbox 962 2077 1102 2096; x_wconf 87' lang='lat' dir='ltr'><strong>mnorum</strong></span> <span class='ocrx_word' id='word_1_526' title='bbox 1116 2067 1259 2097; x_wconf 87' lang='lat' dir='ltr'><strong>frumenti</strong></span> <span class='ocrx_word' id='word_1_527' title='bbox 1275 2076 1372 2095; x_wconf 86' lang='lat' dir='ltr'><strong>annuo</strong></span> <span class='ocrx_word' id='word_1_528' title='bbox 1389 2067 1501 2096; x_wconf 84' lang='lat' dir='ltr'><strong>reditu.</strong></span> <span class='ocrx_word' id='word_1_529' title='bbox 1528 2069 1672 2109; x_wconf 86' lang='lat' dir='ltr'><strong>Phaenip-</strong></span> 
     </span>
     <span class='ocr_line' id='line_1_84' title="bbox 962 2108 1672 2150; baseline 0.004 -10"><span class='ocrx_word' id='word_1_530' title='bbox 962 2121 1021 2149; x_wconf 90' lang='lat' dir='ltr'><strong>pus</strong></span> <span class='ocrx_word' id='word_1_531' title='bbox 1034 2110 1090 2139; x_wconf 89' lang='lat' dir='ltr'><strong>fuit</strong></span> <span class='ocrx_word' id='word_1_532' title='bbox 1102 2108 1329 2150; x_wconf 83' lang='grc' dir='ltr'>χιλιομέδιμνος,</span> <span class='ocrx_word' id='word_1_533' title='bbox 1340 2109 1457 2148; x_wconf 87' lang='lat' dir='ltr'><strong>absque</strong></span> <span class='ocrx_word' id='word_1_534' title='bbox 1470 2110 1552 2140; x_wconf 91' lang='lat' dir='ltr'><strong>vino.</strong></span> <span class='ocrx_word' id='word_1_535' title='bbox 1565 2113 1672 2143; x_wconf 75' lang='lat' dir='ltr'>IDEM.</span> 
     </span>
    </p>

    <p class='ocr_par' dir='ltr' id='par_1_11' title="bbox 962 2150 1675 2315">
     <span class='ocr_line' id='line_1_85' title="bbox 1005 2150 1675 2192; baseline 0.006 -10"><span class='ocrx_word' id='word_1_536' title='bbox 1005 2151 1037 2182; x_wconf 83' lang='lat' dir='ltr'><strong>‘O</strong></span> <span class='ocrx_word' id='word_1_537' title='bbox 1049 2152 1075 2182; x_wconf 76' lang='grc' dir='ltr'><strong>δὲ</strong></span> <span class='ocrx_word' id='word_1_538' title='bbox 1087 2150 1216 2192; x_wconf 78' lang='grc' dir='ltr'>ζυγίτης]</span> <span class='ocrx_word' id='word_1_539' title='bbox 1229 2153 1313 2191; x_wconf 83' lang='lat' dir='ltr'><strong>Lego</strong></span> <span class='ocrx_word' id='word_1_540' title='bbox 1325 2151 1468 2190; x_wconf 73' lang='grc' dir='ltr'>ζευγίτηςε</span> <span class='ocrx_word' id='word_1_541' title='bbox 1487 2164 1615 2192; x_wconf 88' lang='lat' dir='ltr'><strong>quorum</strong></span> <span class='ocrx_word' id='word_1_542' title='bbox 1630 2156 1675 2186; x_wconf 89' lang='lat' dir='ltr'><strong>bi-</strong></span> 
     </span>
     <span class='ocr_line' id='line_1_86' title="bbox 962 2195 1673 2234; baseline 0.007 -10"><span class='ocrx_word' id='word_1_543' title='bbox 962 2195 993 2225; x_wconf 87' lang='lat' dir='ltr'><strong>ni</strong></span> <span class='ocrx_word' id='word_1_544' title='bbox 1006 2205 1095 2225; x_wconf 89' lang='lat' dir='ltr'><strong>unum</strong></span> <span class='ocrx_word' id='word_1_545' title='bbox 1108 2205 1219 2234; x_wconf 89' lang='lat' dir='ltr'><strong>equum</strong></span> <span class='ocrx_word' id='word_1_546' title='bbox 1229 2196 1267 2224; x_wconf 87' lang='lat' dir='ltr'><strong>ad</strong></span> <span class='ocrx_word' id='word_1_547' title='bbox 1281 2195 1394 2224; x_wconf 87' lang='lat' dir='ltr'><strong>bellum</strong></span> <span class='ocrx_word' id='word_1_548' title='bbox 1408 2197 1559 2226; x_wconf 86' lang='lat' dir='ltr'><strong>communi</strong></span> <span class='ocrx_word' id='word_1_549' title='bbox 1571 2204 1673 2229; x_wconf 87' lang='lat' dir='ltr'><strong>sumtu</strong></span> 
     </span>
     <span class='ocr_line' id='line_1_87' title="bbox 963 2238 1672 2279; baseline 0.007 -12"><span class='ocrx_word' id='word_1_550' title='bbox 963 2239 1168 2279; x_wconf 85' lang='lat' dir='ltr'><strong>praebueruut.</strong></span> <span class='ocrx_word' id='word_1_551' title='bbox 1178 2238 1268 2268; x_wconf 81' lang='lat' dir='ltr'><strong>Tales</strong></span> <span class='ocrx_word' id='word_1_552' title='bbox 1277 2239 1419 2268; x_wconf 81' lang='lat' dir='ltr'><strong>videntur</strong></span> <span class='ocrx_word' id='word_1_553' title='bbox 1426 2238 1497 2268; x_wconf 92' lang='lat' dir='ltr'><strong>olim</strong></span> <span class='ocrx_word' id='word_1_554' title='bbox 1507 2241 1588 2278; x_wconf 87' lang='lat' dir='ltr'><strong>apud</strong></span> <span class='ocrx_word' id='word_1_555' title='bbox 1596 2242 1672 2272; x_wconf 88' lang='lat' dir='ltr'><strong>Ger—</strong></span> 
     </span>
     <span class='ocr_line' id='line_1_88' title="bbox 962 2281 1670 2315; baseline 0.006 -4"><span class='ocrx_word' id='word_1_556' title='bbox 962 2292 1067 2312; x_wconf 87' lang='lat' dir='ltr'><strong>manos</strong></span> <span class='ocrx_word' id='word_1_557' title='bbox 1078 2288 1202 2311; x_wconf 82' lang='lat' dir='ltr'><strong>nostros</strong></span> <span class='ocrx_word' id='word_1_558' title='bbox 1212 2281 1307 2311; x_wconf 81' lang='lat' dir='ltr'><strong>fuisse</strong></span> <span class='ocrx_word' id='word_1_559' title='bbox 1320 2282 1366 2311; x_wconf 75' lang='lat' dir='ltr'><strong>die</strong></span> <span class='ocrx_word' id='word_1_560' title='bbox 1377 2281 1554 2312; x_wconf 74' lang='lat' dir='ltr'><strong>Halbritter.</strong></span> <span class='ocrx_word' id='word_1_561' title='bbox 1564 2284 1670 2315; x_wconf 64' lang='lat' dir='ltr'><strong>Imm.</strong></span> 
     </span>
    </p>

    <p class='ocr_par' dir='ltr' id='par_1_12' title="bbox 961 2322 1675 2612">
     <span class='ocr_line' id='line_1_89' title="bbox 1004 2322 1675 2365; baseline 0.003 -11"><span class='ocrx_word' id='word_1_562' title='bbox 1004 2324 1073 2365; x_wconf 74' lang='grc' dir='ltr'>Πρὸς</span> <span class='ocrx_word' id='word_1_563' title='bbox 1087 2322 1124 2358; x_wconf 73' lang='grc' dir='ltr'><strong>οἷς</strong></span> <span class='ocrx_word' id='word_1_564' title='bbox 1139 2324 1240 2364; x_wconf 66' lang='grc' dir='ltr'>αὐτῆς]</span> <span class='ocrx_word' id='word_1_565' title='bbox 1264 2325 1350 2362; x_wconf 82' lang='lat' dir='ltr'><strong>Lego</strong></span> <span class='ocrx_word' id='word_1_566' title='bbox 1366 2324 1430 2363; x_wconf 76' lang='grc' dir='ltr'>πρὸς</span> <span class='ocrx_word' id='word_1_567' title='bbox 1446 2325 1505 2359; x_wconf 80' lang='grc' dir='ltr'>τοῖς</span> <span class='ocrx_word' id='word_1_568' title='bbox 1524 2325 1620 2360; x_wconf 74' lang='grc' dir='ltr'>αὐτῆς.</span> <span class='ocrx_word' id='word_1_569' title='bbox 1638 2326 1675 2362; x_wconf 75' lang='grc' dir='ltr'><strong>οἷς</strong></span> 
     </span>
     <span class='ocr_line' id='line_1_90' title="bbox 962 2365 1673 2411; baseline 0.004 -15"><span class='ocrx_word' id='word_1_570' title='bbox 962 2378 1017 2407; x_wconf 91' lang='lat' dir='ltr'><strong>pro</strong></span> <span class='ocrx_word' id='word_1_571' title='bbox 1028 2369 1086 2401; x_wconf 84' lang='grc' dir='ltr'>τοῖς</span> <span class='ocrx_word' id='word_1_572' title='bbox 1098 2378 1178 2406; x_wconf 84' lang='lat' dir='ltr'><strong>saepe</strong></span> <span class='ocrx_word' id='word_1_573' title='bbox 1192 2367 1316 2407; x_wconf 84' lang='lat' dir='ltr'><strong>legitur,</strong></span> <span class='ocrx_word' id='word_1_574' title='bbox 1326 2367 1374 2397; x_wconf 88' lang='lat' dir='ltr'><strong>vel</strong></span> <span class='ocrx_word' id='word_1_575' title='bbox 1387 2366 1451 2406; x_wconf 55' lang='grc' dir='ltr'>πρὸς</span> <span class='ocrx_word' id='word_1_576' title='bbox 1466 2365 1502 2400; x_wconf 73' lang='grc' dir='ltr'><strong>οῖς</strong></span> <span class='ocrx_word' id='word_1_577' title='bbox 1516 2369 1587 2400; x_wconf 52' lang='lat' dir='ltr'><strong>azir&amp;</strong></span> <span class='ocrx_word' id='word_1_578' title='bbox 1601 2370 1673 2411; x_wconf 83' lang='grc' dir='ltr'>ἔχει.</span> 
     </span>
     <span class='ocr_line' id='line_1_91' title="bbox 961 2410 1674 2450; baseline 0.003 -9"><span class='ocrx_word' id='word_1_579' title='bbox 961 2412 1066 2441; x_wconf 73' lang='lat' dir='ltr'><strong>IDEM.</strong></span> <span class='ocrx_word' id='word_1_580' title='bbox 1104 2411 1140 2440; x_wconf 92' lang='lat' dir='ltr'><strong>In</strong></span> <span class='ocrx_word' id='word_1_581' title='bbox 1158 2410 1367 2439; x_wconf 85' lang='lat' dir='ltr'><strong>Demosthene</strong></span> <span class='ocrx_word' id='word_1_582' title='bbox 1390 2410 1507 2450; x_wconf 85' lang='lat' dir='ltr'><strong>[edidit</strong></span> <span class='ocrx_word' id='word_1_583' title='bbox 1522 2422 1596 2442; x_wconf 84' lang='lat' dir='ltr'><strong>vero</strong></span> <span class='ocrx_word' id='word_1_584' title='bbox 1615 2415 1674 2443; x_wconf 91' lang='lat' dir='ltr'><strong>Pe-</strong></span> 
     </span>
     <span class='ocr_line' id='line_1_92' title="bbox 962 2452 1674 2493; baseline 0.004 -10"><span class='ocrx_word' id='word_1_585' title='bbox 962 2454 1037 2483; x_wconf 84' lang='lat' dir='ltr'><strong>titus</strong></span> <span class='ocrx_word' id='word_1_586' title='bbox 1053 2455 1072 2483; x_wconf 87' lang='lat' dir='ltr'><strong>l.</strong></span> <span class='ocrx_word' id='word_1_587' title='bbox 1087 2464 1112 2482; x_wconf 84' lang='lat' dir='ltr'><strong>s.</strong></span> <span class='ocrx_word' id='word_1_588' title='bbox 1130 2453 1150 2482; x_wconf 88' lang='lat' dir='ltr'><strong>l.</strong></span> <span class='ocrx_word' id='word_1_589' title='bbox 1171 2452 1236 2492; x_wconf 52' lang='grc' dir='ltr'>πρὸς</span> <span class='ocrx_word' id='word_1_590' title='bbox 1252 2455 1303 2487; x_wconf 71' lang='grc' dir='ltr'><strong>τῆς</strong></span> <span class='ocrx_word' id='word_1_591' title='bbox 1319 2453 1420 2493; x_wconf 72' lang='grc' dir='ltr'>αὐτ-ἦς]</span> <span class='ocrx_word' id='word_1_592' title='bbox 1438 2452 1510 2492; x_wconf 62' lang='lat' dir='ltr'><strong>‘cz-pic,-</strong></span> <span class='ocrx_word' id='word_1_593' title='bbox 1528 2452 1564 2488; x_wconf 73' lang='grc' dir='ltr'><strong>οἷς</strong></span> <span class='ocrx_word' id='word_1_594' title='bbox 1579 2455 1674 2491; x_wconf 79' lang='grc' dir='ltr'>αὐτοῖς</span> 
     </span>
     <span class='ocr_line' id='line_1_93' title="bbox 962 2494 1672 2538; baseline -0.003 -12"><span class='ocrx_word' id='word_1_595' title='bbox 962 2503 1014 2526; x_wconf 86' lang='lat' dir='ltr'><strong>aut</strong></span> <span class='ocrx_word' id='word_1_596' title='bbox 1033 2494 1106 2536; x_wconf 67' lang='grc' dir='ltr'>ωςδς</span> <span class='ocrx_word' id='word_1_597' title='bbox 1123 2496 1182 2528; x_wconf 77' lang='grc' dir='ltr'>τοῖς</span> <span class='ocrx_word' id='word_1_598' title='bbox 1202 2496 1297 2528; x_wconf 76' lang='grc' dir='ltr'>αὐτοῖς</span> <span class='ocrx_word' id='word_1_599' title='bbox 1313 2496 1426 2535; x_wconf 86' lang='lat' dir='ltr'><strong>legitur</strong></span> <span class='ocrx_word' id='word_1_600' title='bbox 1441 2507 1447 2525; x_wconf 70' lang='grc' dir='ltr'>ε</span> <span class='ocrx_word' id='word_1_601' title='bbox 1473 2507 1599 2535; x_wconf 86' lang='lat' dir='ltr'><strong>quorum</strong></span> <span class='ocrx_word' id='word_1_602' title='bbox 1616 2510 1672 2538; x_wconf 85' lang='lat' dir='ltr'><strong>po-</strong></span> 
     </span>
     <span class='ocr_line' id='line_1_94' title="bbox 962 2537 1672 2579; baseline 0 -10"><span class='ocrx_word' id='word_1_603' title='bbox 962 2540 1075 2569; x_wconf 88' lang='lat' dir='ltr'><strong>sterius</strong></span> <span class='ocrx_word' id='word_1_604' title='bbox 1091 2537 1214 2569; x_wconf 78' lang='lat' dir='ltr'><strong>videtur</strong></span> <span class='ocrx_word' id='word_1_605' title='bbox 1230 2539 1347 2577; x_wconf 83' lang='lat' dir='ltr'><strong>potius,</strong></span> <span class='ocrx_word' id='word_1_606' title='bbox 1361 2539 1421 2568; x_wconf 87' lang='lat' dir='ltr'><strong>nisi</strong></span> <span class='ocrx_word' id='word_1_607' title='bbox 1438 2538 1464 2568; x_wconf 89' lang='lat' dir='ltr'><strong>si</strong></span> <span class='ocrx_word' id='word_1_608' title='bbox 1479 2541 1580 2579; x_wconf 66' lang='grc' dir='ltr'>πξοῖκα</span> <span class='ocrx_word' id='word_1_609' title='bbox 1598 2543 1672 2573; x_wconf 58' lang='lat' dir='ltr'><strong>aia-E</strong></span> 
     </span>
     <span class='ocr_line' id='line_1_95' title="bbox 962 2577 1661 2612; baseline -0.004 0"><span class='ocrx_word' id='word_1_610' title='bbox 962 2582 1117 2612; x_wconf 83' lang='lat' dir='ltr'><strong>malueris.</strong></span> <span class='ocrx_word' id='word_1_611' title='bbox 1135 2582 1358 2612; x_wconf 65' lang='lat' dir='ltr'><strong>Wzssumo.</strong></span> <span class='ocrx_word' id='word_1_612' title='bbox 1656 2577 1661 2584; x_wconf 87' lang='grc'><strong><em>’</em></strong></span> 
     </span>
    </p>

    <p class='ocr_par' dir='ltr' id='par_1_13' title="bbox 961 2622 1671 2748">
     <span class='ocr_line' id='line_1_96' title="bbox 1004 2622 1671 2668; baseline 0.003 -14"><span class='ocrx_word' id='word_1_613' title='bbox 1004 2623 1066 2655; x_wconf 72' lang='grc' dir='ltr'>Ἐὰν</span> <span class='ocrx_word' id='word_1_614' title='bbox 1080 2624 1108 2654; x_wconf 75' lang='grc' dir='ltr'><strong>δὲ</strong></span> <span class='ocrx_word' id='word_1_615' title='bbox 1123 2623 1166 2665; x_wconf 73' lang='grc' dir='ltr'><strong>μῖἢ</strong></span> <span class='ocrx_word' id='word_1_616' title='bbox 1181 2623 1291 2658; x_wconf 80' lang='grc' dir='ltr'>πλείους</span> <span class='ocrx_word' id='word_1_617' title='bbox 1304 2622 1373 2654; x_wconf 63' lang='grc' dir='ltr'>αῖσιν</span> <span class='ocrx_word' id='word_1_618' title='bbox 1387 2623 1413 2654; x_wconf 86' lang='grc' dir='ltr'><strong>ἐν</strong></span> <span class='ocrx_word' id='word_1_619' title='bbox 1428 2625 1469 2663; x_wconf 70' lang='grc' dir='ltr'><strong>τῷ</strong></span> <span class='ocrx_word' id='word_1_620' title='bbox 1485 2626 1564 2664; x_wconf 72' lang='grc' dir='ltr'>αὐτῷ</span> <span class='ocrx_word' id='word_1_621' title='bbox 1585 2626 1671 2668; x_wconf 83' lang='grc' dir='ltr'>γένει]</span> 
     </span>
     <span class='ocr_line' id='line_1_97' title="bbox 961 2666 1671 2708; baseline 0.001 -11"><span class='ocrx_word' id='word_1_622' title='bbox 961 2667 999 2697; x_wconf 77' lang='grc' dir='ltr'><strong>Τὸ</strong></span> <span class='ocrx_word' id='word_1_623' title='bbox 1014 2669 1058 2708; x_wconf 70' lang='grc' dir='ltr'>μὴ</span> <span class='ocrx_word' id='word_1_624' title='bbox 1074 2668 1221 2703; x_wconf 83' lang='lat' dir='ltr'><strong>abundat,</strong></span> <span class='ocrx_word' id='word_1_625' title='bbox 1237 2668 1358 2697; x_wconf 88' lang='lat' dir='ltr'><strong>scilicet</strong></span> <span class='ocrx_word' id='word_1_626' title='bbox 1372 2666 1525 2706; x_wconf 78' lang='grc' dir='ltr'>ἐγγύτατα</span> <span class='ocrx_word' id='word_1_627' title='bbox 1540 2667 1640 2706; x_wconf 83' lang='grc' dir='ltr'>γένους,</span> <span class='ocrx_word' id='word_1_628' title='bbox 1657 2671 1671 2701; x_wconf 73' lang='grc' dir='ltr'>ἦ</span> 
     </span>
     <span class='ocr_line' id='line_1_98' title="bbox 962 2711 1256 2748; baseline 0 -8"><span class='ocrx_word' id='word_1_629' title='bbox 962 2712 1113 2748; x_wconf 79' lang='grc' dir='ltr'>συγγενεῖς.</span> <span class='ocrx_word' id='word_1_630' title='bbox 1134 2711 1256 2741; x_wconf 71' lang='lat' dir='ltr'><strong>Wotf.</strong></span> 
     </span>
    </p>

    <p class='ocr_par' dir='ltr' id='par_1_14' title="bbox 962 2752 1675 2922">
     <span class='ocr_line' id='line_1_99' title="bbox 1005 2752 1674 2795; baseline 0.003 -12"><span class='ocrx_word' id='word_1_631' title='bbox 1005 2753 1074 2795; x_wconf 77' lang='grc' dir='ltr'>Πρὸς</span> <span class='ocrx_word' id='word_1_632' title='bbox 1087 2753 1171 2794; x_wconf 72' lang='grc' dir='ltr'>μέξος</span> <span class='ocrx_word' id='word_1_633' title='bbox 1185 2752 1346 2793; x_wconf 74' lang='grc' dir='ltr'>ἐπιδιδόναι]</span> <span class='ocrx_word' id='word_1_634' title='bbox 1369 2753 1422 2787; x_wconf 89' lang='lat' dir='ltr'><strong>Ut,</strong></span> <span class='ocrx_word' id='word_1_635' title='bbox 1438 2753 1461 2782; x_wconf 90' lang='lat' dir='ltr'><strong>si</strong></span> <span class='ocrx_word' id='word_1_636' title='bbox 1479 2754 1509 2783; x_wconf 83' lang='lat'><strong>5.</strong></span> <span class='ocrx_word' id='word_1_637' title='bbox 1528 2753 1588 2783; x_wconf 85' lang='lat' dir='ltr'><strong>sint</strong></span> <span class='ocrx_word' id='word_1_638' title='bbox 1609 2766 1674 2785; x_wconf 70' lang='lat' dir='ltr'><strong>mr·-</strong></span> 
     </span>
     <span class='ocr_line' id='line_1_100' title="bbox 962 2796 1673 2837; baseline 0.006 -12"><span class='ocrx_word' id='word_1_639' title='bbox 962 2797 1222 2837; x_wconf 75' lang='grc' dir='ltr'>τακοσιομέδιμνοι,</span> <span class='ocrx_word' id='word_1_640' title='bbox 1233 2797 1349 2835; x_wconf 82' lang='lat' dir='ltr'><strong>singuli</strong></span> <span class='ocrx_word' id='word_1_641' title='bbox 1361 2801 1502 2825; x_wconf 85' lang='lat' dir='ltr'><strong>centenas</strong></span> <span class='ocrx_word' id='word_1_642' title='bbox 1513 2796 1673 2829; x_wconf 83' lang='lat' dir='ltr'><strong>drachmas</strong></span> 
     </span>
     <span class='ocr_line' id='line_1_101' title="bbox 962 2838 1675 2876; baseline 0.003 -7"><span class='ocrx_word' id='word_1_643' title='bbox 962 2845 1135 2876; x_wconf 88' lang='lat' dir='ltr'><strong>numerent,</strong></span> <span class='ocrx_word' id='word_1_644' title='bbox 1151 2846 1185 2870; x_wconf 90' lang='lat' dir='ltr'><strong>ut</strong></span> <span class='ocrx_word' id='word_1_645' title='bbox 1200 2841 1258 2870; x_wconf 90' lang='lat' dir='ltr'><strong>dos</strong></span> <span class='ocrx_word' id='word_1_646' title='bbox 1274 2841 1347 2870; x_wconf 84' lang='lat'>500.</span> <span class='ocrx_word' id='word_1_647' title='bbox 1366 2838 1574 2869; x_wconf 73' lang='lat' dir='ltr'><strong>drachmarum</strong></span> <span class='ocrx_word' id='word_1_648' title='bbox 1591 2850 1675 2871; x_wconf 85' lang='lat' dir='ltr'><strong>com·</strong></span> 
     </span>
     <span class='ocr_line' id='line_1_102' title="bbox 963 2883 1221 2922; baseline 0 -10"><span class='ocrx_word' id='word_1_649' title='bbox 963 2883 1095 2922; x_wconf 86' lang='lat' dir='ltr'><strong>pleatur.</strong></span> <span class='ocrx_word' id='word_1_650' title='bbox 1116 2884 1221 2914; x_wconf 74' lang='lat' dir='ltr'><strong>IDEM.</strong></span> 
     </span>
    </p>

    <p class='ocr_par' dir='ltr' id='par_1_15' title="bbox 967 2924 1664 3000">
     <span class='ocr_line' id='line_1_103' title="bbox 1006 2924 1664 2965; baseline 0.002 -9"><span class='ocrx_word' id='word_1_651' title='bbox 1006 2925 1056 2964; x_wconf 70' lang='grc' dir='ltr'><strong>Τῷ</strong></span> <span class='ocrx_word' id='word_1_652' title='bbox 1074 2926 1099 2957; x_wconf 84' lang='grc' dir='ltr'><strong>ἐν</strong></span> <span class='ocrx_word' id='word_1_653' title='bbox 1121 2924 1189 2964; x_wconf 83' lang='grc' dir='ltr'>γένει</span> <span class='ocrx_word' id='word_1_654' title='bbox 1212 2927 1295 2965; x_wconf 85' lang='lat' dir='ltr'><strong>leg0,</strong></span> <span class='ocrx_word' id='word_1_655' title='bbox 1316 2924 1420 2954; x_wconf 78' lang='lat' dir='ltr'><strong>addita</strong></span> <span class='ocrx_word' id='word_1_656' title='bbox 1445 2926 1664 2965; x_wconf 62' lang='lat' dir='ltr'><strong>praepositione</strong></span> 
     </span>
     <span class='ocr_line' id='line_1_104' title="bbox 967 2970 1070 3000; baseline 0.019 -2"><span class='ocrx_word' id='word_1_657' title='bbox 967 2970 1070 3000; x_wconf 66' lang='lat' dir='ltr'><strong>[nm.</strong></span> 
     </span>
    </p>
   </div>
  </div>
 </body>
</html>
