1947 3322
225 204 417 249 ΠΡΟΣ
456 205 820 248 ΒΟΙΩΤΟΝ
859 204 1049 247 ’ΥΠΕΡ
1086 204 1337 247 ΠΡΟΙΚ.
1368 204 1596 247 ΜΗΤΡ.
1632 199 1700 254 19

225 319 687 395 παρασκευασάμενος
711 318 993 394 ἐργαστήριον
1020 319 1327 383 συκοφαντῶν,
1354 316 1408 369 ὧν
1442 318 1619 388 ἡγεμών
1651 318 1700 379 ἧν

226 395 486 456 Μνησικλῆς
506 392 586 446 καὶ
612 395 843 456 Μενεκλῆς
879 393 1032 452 ἐκεῖνος
1063 394 1085 444 ὅ
1120 391 1199 454 τῆν
1235 402 1363 444 Νῖνον
1399 391 1523 453 ἑλῶν,
1563 394 1578 418 ¹
1590 392 1699 461 μεθ’

225 466 280 519 ἱῖν
306 467 430 527 οὗτος
456 466 684 540 ἐδικάζετό
709 491 794 538 μου
821 467 886 535 rc}
910 467 1075 543 πατρὶ,
1103 467 1288 531 φάσκων
1310 464 1401 524 visk
1426 462 1532 518 εἶναι

1553 465 1572 493 2
1583 465 1696 518 ἐκεί-

227 566 311 594 νου.
335 540 511 594 συνόδων
550 540 593 595 δὲ
627 543 895 613 ’γιγνομένων
931 556 1117 595 πολλων
1153 539 1268 617 ὑπὲρ
1296 540 1479 604 τούτων,
1508 540 1587 592 καὶ
1618 540 1698 592 τοῦ

1174 616 1185 630 e

103 641 207 677 1011
227 615 402 690 πατρός
428 617 505 668 ουίι
529 617 582 668 οἳν
603 617 854 680 φάσκοντος
880 617 1125 679 πεισὲἦναι
1154 641 1208 674 ως
1239 614 1352 667 οὗτοι
1379 612 1695 681 ’γεγόνασινὲξ

225 689 384 753 αὐτοῦ,
423 692 691 743 τελευτῶσα
724 691 751 753 ἦ
789 691 1048 757 Πλαγγών,
1094 689 1130 741 Z?
1164 687 1311 764 ἄνδρες
1345 687 1584 752 δικασταὶ,
1619 720 1694 728 ——-

223 764 379 816 miv-ra
421 763 511 839 γάρ
550 763 767 839 εἰρήσεται
808 764 996 827 ταῖληὸἦ
1028 761 1136 840 ’neos‘
1171 766 1292 834 ὑμεῖς
1324 795 1416 825 -—‚
1457 762 1581 830 μετ-οὶ
1615 763 1695 815 τοῦ

222 841 496 898 Μενεκλέους
533 837 822 916 ἐνεδρεύσασα
863 838 939 890 τᾶν
977 837 1159 906 πατέρα
1195 862 1302 909 μου,
1329 836 1408 889 καὶ
1447 835 1694 903 ἐξαπατή-

220 936 353 965 σασα
379 911 507 990 ἕρκῳ,
540 913 588 972 ὃς
611 912 833 983 μέγιστος
857 910 979 964 δοκεῖ
999 910 1079 965 καὶ
1105 911 1352 971 δεινότατος
1384 914 1515 980 παραὶ
1540 912 1694 964 ’τῦ-ἄσιν

217 985 462 1062 αἷνθρῶποις
513 984 640 1046 εἶναι,
690 985 951 1058 ὦμολᾶγησε
1001 985 1243 1062 τριάκοντα
1291 985 1408 1057 μνᾶς
1450 986 1690 1048 λαβοῦσα,

436 1102 444 1121 ¹
460 1099 595 1140 *fa-6150„
609 1099 721 1143 [οὗτος]

219 1194 422 1225 constitutum
445 1199 539 1230 esset,
553 1195 649 1225 multa
672 1196 936 1234 consequerentur

220 1237 424 1274 incommoda,
440 1249 510 1277 quae
532 1239 659 1273 factum,
674 1243 709 1268 ut
732 1248 750 1267 a
775 1237 862 1267 nobis
887 1242 937 1266 est

221 1285 387 1318 narratum,
398 1282 567 1311 turbarent.
581 1281 614 1310 Si
624 1281 718 1319 igitur
729 1281 847 1320 Plango
859 1280 936 1309 suis-

221 1329 271 1353 set
290 1324 417 1354 Mantiae
437 1323 607 1354 concubina
629 1329 682 1354 aut
706 1323 820 1363 pellex,
837 1333 935 1361 neque

221 1366 336 1397 liberos
348 1377 515 1405 agnoscere
529 1372 655 1396 coaetus
667 1367 778 1396 fuisset
790 1365 936 1401 Montius,

222 1419 320 1449 neque
343 1420 397 1440 eos
423 1409 460 1439 ad
487 1410 621 1440 curiales
645 1409 813 1444 deducere,
836 1418 935 1447 neque

222 1453 369 1482 bonorum
394 1463 517 1482 suorum
540 1457 659 1491 partem
681 1452 722 1481 iis
738 1451 936 1490 relinquere3

221 1496 304 1535 quod
316 1501 417 1525 tamen
428 1505 496 1525 esse
512 1496 624 1525 factum
636 1506 674 1524 ex
684 1494 732 1524 his
745 1494 934 1523 orationibus

220 1543 351 1568 constat.
383 1538 480 1569 Nothi
497 1542 582 1567 erant
605 1538 671 1568 sine
687 1540 790 1577 gente,
806 1536 872 1566 sine
888 1546 935 1572 re,

221 1590 322 1620 neque
338 1581 376 1610 ad
397 1581 496 1621 patris
512 1580 715 1611 hereditatem
731 1580 934 1609 admitteban-

221 1629 283 1654 tur.
320 1625 407 1654 Duas
426 1624 523 1664 igitur
537 1634 652 1654 uxores
669 1622 760 1653 simul
778 1627 809 1652 et
825 1623 934 1652 eodem

221 1672 359 1706 tempore
374 1667 508 1697 habebat
531 1667 678 1704 Mantias,
700 1666 861 1704 Polyarati
879 1665 935 1695 fili-

220 1720 281 1746 am,
296 1714 328 1740 et
351 1709 541 1749 Plangonem
564 1710 674 1740 istam:
700 1709 754 1739 sed
773 1708 935 1750 Polyarati

221 1753 311 1783 filiam
333 1753 429 1790 domi,
447 1753 500 1783 ubi
521 1753 615 1783 larem
637 1753 758 1783 colebat
770 1762 779 1789 ;
800 1752 936 1790 Plango·

221 1807 290 1826 nem
313 1796 400 1826 alibi.
427 1797 480 1826 Sic
497 1807 532 1826 π.
556 1802 656 1826 Borma
672 1807 774 1835 ωξοιιι.
797 1806 886 1835 μητρ.
903 1804 934 1833 p.

221 1842 274 1869 18.
303 1850 332 1869 v.
363 1841 415 1870 10.
465 1839 655 1869 Mantitheus
685 1838 813 1868 Mantiae
840 1839 862 1867 f.
897 1848 934 1868 ex

222 1882 279 1912 Pol
282 1882 380 1921 yarati
409 1881 473 1912 filia
499 1893 565 1913 rem
598 1882 642 1911 ita
670 1886 783 1917 narrat,
819 1885 854 1910 ut
880 1891 934 1919 pa-

220 1930 299 1955 trem
315 1935 403 1955 suum
420 1935 480 1955 non
496 1929 589 1965 neget
600 1935 670 1955 cum
685 1924 843 1964 Plangone
860 1934 935 1953 con-

221 1968 353 2004 sueisse,
370 1968 460 1998 etiam
474 1968 600 1999 vivente
615 1972 712 1998 matre
728 1978 795 2003 sua,
810 1977 868 1997 neo
884 1977 936 1996 au-

220 2012 274 2041 det
289 2016 414 2041 exserte
429 2021 541 2051 negare
557 2011 654 2041 ullum
670 2010 765 2041 fuisse
785 2011 866 2040 inter
881 2020 936 2040 eos

221 2054 447 2085 matrimonium
457 2065 466 2092 ;
478 2055 533 2084 sed
547 2056 678 2084 obscure
689 2058 721 2085 et
733 2055 818 2084 vafra
830 2053 935 2083 nescio

223 2108 284 2137 qua
291 2097 453 2128 reticentia
461 2097 646 2141 matrimonii
654 2097 737 2127 illius
746 2098 936 2127 honestatem

223 2140 360 2175 vellicat,
376 2151 411 2170 ac
427 2141 570 2180 judicum
587 2141 697 2170 animis
713 2144 812 2170 tentat
833 2140 936 2170 nescio

224 2194 314 2223 quam
336 2184 439 2214 miuus
459 2185 597 2214 honestae
617 2182 848 2214 consuetudinis
869 2182 936 2221 opi-

224 2226 346 2256 nionem
358 2226 494 2265 injicere.
519 2228 622 2266 Atque
633 2226 700 2256 haec
716 2226 839 2266 quidem
854 2226 936 2255 clara

226 2274 320 2307 sunt;
343 2270 397 2299 sed
419 2269 550 2299 clariora
571 2274 661 2299 erunt
682 2280 722 2299 ex
744 2269 784 2299 iis
804 2279 872 2308 quae
888 2278 936 2297 se-

224 2317 369 2352 quuntur.
394 2312 512 2342 Mantia
531 2312 613 2342 enim
629 2317 763 2347 mortuo,
781 2322 851 2341 cum
866 2311 934 2350 ejus

223 2356 304 2385 bona
315 2355 526 2386 dividerentur
535 2355 616 2385 inter
625 2355 833 2385 Mantitheuin
846 2355 934 2384 Man-

224 2398 276 2428 tiae
299 2399 319 2428 f.
345 2409 385 2428 ex
408 2397 570 2439 Polyarati
590 2398 665 2435 filia,
683 2402 714 2428 et
731 2399 874 2428 Boeotum
899 2408 934 2427 ac

187 2440 194 2445 ’
224 2441 419 2481 Pamphilum
436 2451 474 2471 ex
490 2442 649 2480 Plangone
671 2445 845 2480 susceptos,
862 2450 935 2469 con-

224 2484 379 2514 troversia
400 2484 479 2514 iuter
494 2495 551 2514 eos
572 2489 639 2514 orta
657 2489 706 2514 est
728 2494 822 2523 super
846 2483 935 2513 muli-

225 2538 310 2557 erum
336 2526 459 2557 illarum
483 2527 620 2562 dotibus,
647 2537 717 2557 oum
743 2527 934 2556 Mantitheus

223 2575 351 2600 matrem
368 2580 453 2600 suam
467 2571 614 2600 talentum
630 2570 660 2599 iu
673 2570 776 2600 dotem
791 2569 870 2608 patri
882 2570 936 2598 de-

223 2614 309 2643 disse
323 2613 459 2649 diceret;
478 2614 610 2643 Boeotus
626 2617 726 2642 autem
742 2617 774 2642 et
791 2612 935 2651 Pamphi·

223 2656 272 2686 lus
284 2667 302 2686 a
315 2656 467 2695 Plangone
483 2657 586 2686 dotem
600 2666 720 2695 quoque
735 2655 835 2685 datam
852 2655 936 2684 dice-

224 2704 314 2729 rent:
343 2709 435 2738 super
461 2709 521 2738 qua
548 2699 747 2729 contentione
774 2698 856 2728 inter
881 2708 935 2727 eos

225 2742 382 2778 convenit,
391 2748 449 2772 ute
459 2742 614 2772 divisione
623 2743 747 2772 domum
756 2742 939 2777 eximerent,

225 2796 292 2825 quae
308 2786 348 2816 iis
364 2785 502 2821 cederet,
519 2785 688 2815 secundum
706 2795 784 2824 quos
806 2785 844 2813 de
864 2785 937 2814 dote

225 2828 452 2868 pronuntiatum
470 2834 564 2859 esset.
603 2829 663 2858 Sed
685 2833 715 2858 et
739 2827 798 2857 alia
816 2832 936 2856 contro-

226 2872 329 2901 versia
351 2872 558 2901 Mantitheum
578 2871 660 2902 inter
675 2876 706 2901 et
721 2872 865 2901 Boeotum
883 2881 937 2900 ex-

227 2913 316 2950 stitit,
334 2925 401 2943 eum
426 2913 477 2945 hic
499 2925 621 2954 quoque
642 2913 806 2945 Mantithei
828 2923 936 2944 nomen

228 2956 287 2986 sibi
304 2957 488 2992 vindicaret,
502 2968 519 2987 a
534 2963 635 2997 patre,
651 2967 722 2988 eum
742 2957 781 2987 ad
804 2957 937 2988 curiales

226 2999 379 3030 deductus
395 3004 489 3038 esset,
508 3000 580 3038 sibi,
600 3005 633 3031 ut
653 3001 764 3038 aiebat,
785 3000 914 3033 inditum
930 3010 939 3038 ;

1026 1103 1039 1121 ²
1051 1097 1159 1136 ἐκείνου,
1175 1098 1292 1130 συνόδων
1306 1098 1474 1139 γιγνομὲνων

971 1191 1054 1230 quod
1071 1195 1195 1221 exserte
1212 1195 1304 1229 negat
1322 1191 1514 1222 Mantitheus
1531 1202 1576 1228 ac,
1597 1203 1634 1222 ne
1658 1192 1688 1222 in

970 1245 1081 1265 nomen
1097 1235 1175 1264 illud
1193 1235 1340 1264 invadere
1356 1235 1468 1273 possit,
1484 1239 1686 1271 contestatur,

971 1282 1100 1317 propter
1116 1277 1322 1313 incommoda,
1335 1288 1403 1316 quae
1416 1288 1455 1307 ex
1469 1278 1522 1307 illa
1533 1278 1687 1308 nominum

970 1321 1203 1359 perturbatione
1223 1321 1365 1351 accidere
1380 1331 1474 1360 posse
1494 1321 1546 1351 ait.
1585 1321 1686 1351 Fuere

971 1369 1001 1393 et
1022 1364 1090 1393 aliae
1111 1364 1191 1393 inter
1213 1373 1267 1393 eos
1290 1364 1522 1399 controversiae,
1537 1365 1576 1393 ob
1595 1375 1690 1403 pecu-

970 1407 1061 1442 niam,
1076 1416 1167 1445 quam
1183 1417 1200 1435 a
1217 1406 1392 1436 Mantitheo
1411 1407 1597 1437 subtractam
1611 1418 1686 1446 que—

970 1450 1094 1479 rebatur
1110 1451 1248 1484 Boeotus,
1262 1450 1292 1479 ni
1307 1449 1407 1479 fallor.
1433 1449 1589 1479 Dicuntur
1604 1451 1685 1480 enim

970 1492 1035 1521 haec
1053 1493 1157 1521 verbis
1174 1492 1313 1521 obscuris
1330 1502 1347 1520 a
1363 1492 1535 1522 Mantitheo
1559 1493 1590 1522 in
1608 1498 1685 1523 orat.

969 1545 1003 1564 ot.
1023 1541 1122 1566 Βοιωτ.
1137 1535 1188 1563 τοῦ
1212 1533 1289 1573 ὄνομ..
1313 1534 1338 1574 §.
1361 1534 1402 1565 θ’.
1425 1535 1478 1564 ubi
1503 1536 1686 1566 calumniam

969 1578 1102 1617 probare
1119 1577 1228 1607 nititur
1241 1578 1300 1607 hoc
1315 1583 1510 1616 argumento,
1521 1580 1603 1618 quod
1620 1589 1685 1609 rem

970 1626 1065 1650 totam
1086 1621 1126 1650 de
1145 1621 1280 1659 bigamia
1299 1621 1371 1650 facit
1394 1621 1684 1652 manifestissimam.

972 1665 1042 1694 Hoc
1060 1664 1154 1703 igitur
1178 1663 1220 1692 ait
1243 1664 1387 1702 ignorare
1411 1664 1576 1700 neminem,
1594 1676 1684 1704 quam

969 1717 1076 1746 parum
1093 1711 1177 1736 esset
1196 1707 1327 1736 Mantias
1341 1708 1379 1736 ad
1396 1717 1458 1736 rem
1473 1712 1608 1737 attentus
1623 1718 1631 1745 ;
1653 1713 1684 1739 et

968 1750 1050 1785 ideo,
1068 1749 1094 1779 si
1110 1750 1194 1789 quod
1211 1750 1250 1778 de
1266 1749 1398 1790 pecunia
1410 1760 1427 1780 a
1444 1751 1561 1780 Mantia
1576 1751 1686 1781 relicta

969 1803 1026 1822 nec
1046 1793 1075 1822 in
1100 1792 1286 1822 divisionem
1308 1794 1376 1832 ejus
1400 1794 1546 1823 bonorum
1572 1794 1685 1825 collata

970 1837 1102 1866 Boeotus
1129 1840 1160 1865 et
1187 1836 1366 1875 Pamphilus
1394 1836 1548 1872 dicebaut,
1576 1848 1681 1868 verum

969 1884 1064 1914 esset,
1079 1879 1110 1908 in
1134 1878 1295 1908 manifesto
1319 1880 1480 1909 mendacio
1496 1890 1530 1909 ao
1547 1881 1689 1919 perjurio

970 1922 1159 1962 Plangonem
1186 1922 1396 1961 deprehendi;
1423 1922 1576 1962 siquidem
1603 1924 1681 1954 veri-

969 1965 1069 1995 simile
1081 1975 1142 1995 non
1157 1964 1210 2002 sit,
1223 1966 1389 2001 hominem,
1400 1966 1452 2004 qui
1465 1966 1542 1995 duas
1558 1966 1684 1998 liaberet

969 2008 1114 2044 familias,
1130 2013 1160 2038 et
1177 2007 1248 2039 ideo
1263 2009 1437 2038 immodicis
1458 2008 1610 2038 sumtibus
1627 2010 1684 2040 im-

969 2051 1103 2090 plicatus
1126 2056 1221 2086 esset,
1237 2062 1376 2091 magnam
1395 2051 1534 2090 pecuniae
1552 2052 1614 2081 vim
1635 2064 1685 2083 re<

970 2095 1110 2134 linquere
1125 2094 1276 2135 potuisse.
1297 2095 1399 2133 Atque
1416 2094 1483 2124 haec
1496 2098 1542 2124 est
1555 2095 1684 2126 duarum

968 2137 1091 2168 illarum
1115 2138 1266 2167 adversus
1290 2138 1435 2167 Boeotum
1452 2139 1621 2168 orationum
1640 2150 1684 2169 (ε-

970 2180 1119 2210 conomia.
1130 2180 1294 2211 HERALD.
1303 2180 1440 2209 Anim.in
1451 2181 1579 2210 Salmas.
1588 2182 1684 2212 Obss.

970 2224 1008 2253 ad
1023 2224 1080 2254 sus
1096 2225 1134 2254 A.
1150 2227 1181 2252 et
1197 2224 1238 2253 R.
1255 2223 1275 2253 l.
1290 2223 1349 2253 VI.
1366 2234 1393 2253 e.
1405 2223 1498 2253 XIV.
1515 2224 1541 2262 ᾗ.
1558 2224 1623 2254 111.

1012 2264 1088 2296 Μεθ’
1106 2262 1141 2296 ὧν
1161 2262 1255 2305 οἶτος]
1279 2265 1357 2297 'Ami
1381 2267 1443 2301 ›ro-3,
1463 2269 1546 2306 μετὰ
1566 2267 1683 2297 τούτων.

969 2310 1091 2340 WoLr.
1124 2309 1186 2339 Hic
1203 2310 1333 2349 abrupta
1347 2310 1462 2348 pendet
1483 2310 1686 2348 constructio,

970 2353 1026 2382 sed
1047 2352 1144 2383 multa
1164 2357 1234 2382 sunt
1255 2352 1408 2391 ejusmodi
1430 2353 1511 2392 apud
1533 2358 1683 2386 oratores.

968 2396 1107 2426 Auem.

1011 2437 1197 2477 Ὠμολόγησε
1209 2449 1237 2468 κ.
1247 2450 1276 2468 τ.
1285 2438 1331 2479 λ.]
1348 2440 1431 2479 Ergo
1444 2437 1524 2469 inter
1536 2440 1683 2470 Mantiam

969 2485 1001 2511 et
1017 2482 1206 2521 Plaugonem
1219 2482 1422 2511 conventione
1438 2493 1488 2512 res
1506 2487 1570 2512 erat
1586 2487 1683 2513 trans-

969 2529 1047 2555 acta.
1072 2526 1175 2563 Quare
1188 2525 1268 2554 boot
1283 2526 1326 2554 Ut
1338 2525 1459 2563 judicio
1472 2525 1510 2554 lis·
1523 2526 1683 2556 decidere-

970 2572 1030 2603 tur,
1048 2578 1128 2606 quae,
1144 2567 1215 2607 quia
1230 2568 1268 2596 de
1286 2572 1368 2596 statu
1384 2568 1550 2597 liberorum
1573 2570 1682 2607 ageba-

970 2615 1030 2646 tur,
1048 2611 1180 2649 simplici
1201 2610 1381 2640 tractatione
1398 2611 1502 2640 decidi
1518 2621 1577 2640 non
1594 2617 1682 2650 pote-

970 2657 1027 2683 rat.
1061 2653 1149 2684 Unde
1169 2653 1298 2684 exsistit
1319 2653 1464 2692 quaestio,
1480 2654 1595 2690 Quare,
1613 2664 1681 2683 cum

969 2696 1010 2725 lis
1036 2706 1053 2725 a
1078 2697 1190 2727 Boeoto
1218 2702 1301 2726 mota
1328 2702 1422 2732 esset,
1450 2697 1584 2726 Mantias
1612 2707 1683 2727 cum

970 2739 1130 2779 Plangone
1156 2740 1351 2778 transegerit,
1378 2745 1409 2769 et
1436 2749 1472 2768 an
1501 2749 1550 2768 res
1579 2746 1686 2769 contra

971 2782 1172 2822 Plangonem,
1191 2793 1319 2821 eamque
1342 2793 1401 2812 non
1428 2787 1567 2820 agentem
1591 2787 1684 2821 atque

966 2827 1180 2865 jusjurandum
1197 2826 1332 2855 delatum
1354 2826 1587 2860 detrectantem,
1599 2826 1683 2864 judi-

971 2874 1050 2904 cata,
1063 2870 1169 2900 liberis
1180 2870 1247 2908 ejus
1259 2879 1371 2898 nocere
1384 2867 1531 2906 potuerit.
1548 2868 1587 2897 Et
1601 2879 1683 2904 sane,

961 2912 1002 2942 -ni
1014 2912 1115 2948 fallor,
1127 2912 1256 2943 Mantiae
1266 2913 1436 2949 causajure
1449 2915 1514 2940 erat
1524 2911 1683 2946 destituta.

972 2965 1027 2985 nec
1047 2956 1144 2986 vitare
1168 2960 1301 2995 poterat,
1318 2953 1390 2992 quin
1412 2953 1530 2984 liberos
1552 2964 1568 2983 e
1592 2955 1683 2985 Plan—

971 3009 1051 3038 gone
1077 3003 1256 3043 procreatos
1275 3006 1443 3036 agnoscere
1464 3002 1627 3036 cogeretur
1650 3008 1684 3030 uo
