1947 3322
482 215 696 259 ΠΡΟΣ
756 216 1362 261 ΜΑΚΑΡΤΑΤΟΝ.

1583 211 1652 270 67

199 330 210 344 2
252 329 268 346 l
439 329 473 348 ‘x
669 329 681 347 Ι
918 332 929 346 t
1029 332 1042 349 l
1144 334 1167 344 σν
1227 330 1242 351 x
1334 331 1345 345 ³
1470 333 1479 350 r
1633 337 1654 349 μ

194 354 366 397 εγενετο
410 353 496 388 υιος
529 340 845 406 Μακαρτοιτος
883 351 1052 383 ουτοο-ι·
1101 357 1163 400 τῳ
1201 330 1244 384 δε
1282 332 1546 403 Ευζουλιὸῃ,
1589 360 1651 401 τῳ

193 406 268 467 τῆς
294 402 604 475 1Φυλομωὲχής
629 405 724 468 υἱεῖ,
751 403 920 472 οἷνεψιῷ
946 404 988 457 δ’
1014 407 1193 474 Ἄγιιῖου
1221 405 1312 459 ι’)’ντι
1339 407 1457 476 πρός
1482 408 1654 483 παπ-θὲς

838 530 845 549 ¹
859 530 1009 571 Φιλομάχ.

241 928 266 956 Ε
294 927 440 966 Philagro
465 932 495 958 et
515 927 725 966 Phylomache
744 932 773 957 1.
789 928 887 957 nasci-

197 973 247 998 1111·
268 972 298 999 9.
314 971 495 1001 Eubulides.
538 972 571 1000 Is
591 975 734 1009 procreat
749 974 779 1002 Ξ.
804 971 887 1009 Phy-

196 1012 375 1048 lomacham,
392 1013 525 1043 Sosithei
543 1013 729 1042 accusatoris
746 1023 887 1047 uxorem,

199 1054 362 1085 Eubulidae
389 1057 487 1095 pueri,
517 1056 547 1085 in
579 1055 724 1085 familiam
759 1057 887 1086 secundi

196 1182 301 1216 cessit,
318 1184 524 1214 haereditatem
540 1185 600 1214 sibi
616 1184 770 1215 vendicat.
809 1187 888 1216 Cau-

197 1234 260 1254 sam
276 1225 366 1265 hujus
379 1228 443 1266 agit
452 1228 614 1257 Sositheus
627 1228 771 1259 naturalis
787 1234 886 1269 pater,

197 1272 322 1299 auctore
335 1270 408 1300 dato
420 1271 513 1301 fratre
529 1271 628 1310 pueri.

234 1650 284 1690 Τᾷῗ
296 1650 351 1690 μὲν
365 1649 407 1682 οὖν
422 1651 609 1694 Θεοπόμπῳ]
628 1652 836 1693 Labyrinthus
852 1658 900 1683 est

192 1695 244 1725 hic
255 1695 391 1729 locus,et
403 1695 492 1734 plane
503 1707 577 1726 crux
591 1698 650 1726 fixa
660 1697 899 1736 interpretibusz

191 1748 283 1777 quem
299 1737 387 1767 initio
403 1739 448 1768 sic
463 1740 613 1774 transtuli,
629 1750 686 1769 non
703 1741 784 1779 quod
798 1750 901 1769 veram

191 1780 476 1819 interpretationem
490 1786 639 1821 putarem,
650 1784 702 1812 sed
712 1794 749 1812 ne
760 1784 900 1813 lacunam

194 1824 406 1862 relinquerem.
430 1830 449 1842 ‘⁴
463 1826 523 1855 Sed
539 1826 740 1865 Theopompo
757 1831 902 1856 natusest

193 1866 273 1895 filius
290 1867 492 1897 Macartatus:
511 1869 673 1898 Eubulidae
689 1875 801 1905 autem,
817 1870 901 1908 Phy-

193 1909 343 1938 lomachae
369 1910 443 1946 filio,
468 1911 519 1950 qui
545 1913 745 1941 consobrinus
770 1913 901 1950 Hagniae

194 1956 340 1991 paternus
353 1953 423 1989 fuit,
442 1965 534 1993 quum
548 1955 712 1984 Eubulidae
724 1955 903 1985 consobrini

195 1995 279 2025 filius
300 1996 432 2035 Hagniae
446 2007 464 2026 a
480 2002 564 2035 patre
584 1998 634 2032 sit,
651 1998 700 2027 hic
719 2009 805 2038 puer,
823 1998 904 2028 etc.''

197 2038 289 2073 Haec,
305 2043 337 2068 ut
347 2039 478 2078 ingenue
489 2041 595 2076 fatear,
607 2041 742 2081 necipse
752 2041 902 2081 intelligo.

198 2082 259 2111 Sed
273 2087 321 2111 est
332 2082 419 2112 locus
432 2083 548 2113 etmale
558 2084 734 2120 distinctus,
748 2091 778 2114 et
789 2085 901 2123 alioqui

193 2131 369 2164 corruptus.
386 2126 464 2155 Nam
478 2130 550 2166 post
561 2128 753 2166 Μακάρτατος
765 2128 859 2157 οὑτοσὶ
873 2139 902 2158 v.

196 2169 228 2196 1.
244 2169 305 2197 coli
321 2173 393 2197 nota
407 2173 454 2197 est
468 2170 623 2209 ponenda:
644 2174 685 2206 et,
701 2171 743 2208 τῷ
759 2171 786 2200 δὲ
804 2169 903 2200 Εὐξου-

196 2209 269 2250 λίδῃ,
286 2210 343 2240 ἀπὸ
357 2212 440 2240 κοινοῦ
456 2213 667 2252 repetendum,
683 2212 789 2251 ἐγένετο
809 2213 903 2243 οὑτοσὶ

197 2252 210 2281 ὁ
227 2252 306 2285 παῖς.
321 2258 352 2283 et
367 2264 450 2289 mox,
465 2265 495 2284 v.
513 2257 542 2284 ⁰2.
563 2254 637 2295 πρὸς
651 2255 757 2296 πατρὸς
771 2255 903 2289 Εὐβουλί-

196 2295 253 2332 δου,
269 2306 428 2335 perperam
445 2298 593 2337 scriptum
613 2303 659 2328 est
681 2309 736 2338 pro
754 2299 902 2339 Φιλάγρου,

198 2343 232 2367 ut
256 2339 434 2378 genealogia
449 2341 552 2370 docet.
589 2341 641 2371 Sic
655 2352 729 2382 erg-0
745 2343 839 2372 verba
855 2353 902 2372 or-

195 2381 337 2412 dinabis:
362 2380 454 2412 οὑτοσὶ
476 2383 532 2413 δὲὸ
553 2385 632 2419 παῖς,
655 2385 690 2415 ὢν
708 2384 808 2424 Ἁγνίᾳ.
831 2388 902 2419 παῖς

197 2422 309 2460 ἀνεψιοῦ
327 2423 390 2464 πρὸς
408 2426 527 2466 πατρὶς,
545 2425 653 2465 ἐγένετο
670 2427 723 2461 υἱός
740 2427 902 2469 Εὐβουλίδῃ,

195 2467 240 2505 τῷ
255 2466 310 2497 ὄντι
327 2469 382 2497 υἱεῖ
397 2469 453 2509 μὲν
468 2471 655 2510 Φυλομάχης,
670 2470 724 2501 ὄντι
746 2471 773 2501 δὲ
795 2470 902 2511 ἀνεψιῷ

197 2509 303 2547 Ἀγνίου
318 2510 383 2551 πρὸς
398 2510 503 2552 πατρὸς
519 2514 666 2553 Φιλάγξου.

241 2555 330 2583 Nune
347 2555 402 2584 hos
416 2555 495 2584 inter
508 2566 540 2585 se
557 2564 788 2594 comparemus:

198 2596 380 2633 Hagnias—
470 2599 685 2629 —Eubnlides

199 2640 402 2677 Phylomaehe

199 2681 350 2721 Hagnias.

490 2641 660 2681 -Phiiager

440 2687 496 2714 42.
517 2685 687 2715 Eubulides

472 2729 502 2757 3.
521 2728 701 2757 Eubulides.
736 2730 784 2758 Ita
796 2729 907 2759 fratres

199 2772 272 2796 sunt
288 2771 318 2798 1.
341 2769 481 2808 Hagnias
504 2775 535 2799 et
559 2773 587 2800 1.
607 2771 796 2802 Eubulides:
823 2773 907 2812 Phy-

201 2810 338 2841 lomacbe
364 2817 396 2841 et
423 2813 570 2852 Philager
592 2815 770 2853 patrueles:
799 2826 908 2845 conso-

202 2852 282 2882 brini
299 2865 372 2884 vero
394 2860 446 2885 aut
468 2856 583 2886 amitini
607 2858 793 2898 (secundum
815 2859 909 2897 juris-

204 2897 378 2937 consultos)
393 2898 474 2929 inter
490 2909 523 2929 se
539 2905 611 2929 sunt
632 2901 770 2939 Hagnias
793 2907 825 2930 et
850 2903 909 2931 Eu-

206 2938 339 2975 bundas,
354 2946 442 2970 natus
457 2952 495 2971 ex
513 2943 604 2972 amita
621 2944 751 2982 Hagniae
769 2945 909 2981 secundi,

956 629 1037 660 linea
1065 631 1194 669 Hagniae
1217 631 1324 670 primi:
1351 632 1572 671 Theopompus
1602 643 1654 661 an<

956 679 1017 702 tem
1037 674 1095 703 etsi
1112 675 1216 704 eaden]
1242 675 1468 705 necessitudine
1494 674 1646 714 Hagniam

958 718 1125 747 secundum
1151 718 1286 757 attingit,
1324 729 1383 757 qua
1417 718 1588 748 Eubulides
1617 721 1648 748 ζ’.

956 770 1042 798 aeqne
1074 765 1122 790 est
1149 771 1189 790 ex
1220 761 1280 790 alia
1302 761 1415 790 familia
1436 767 1527 800 atquo
1551 762 1649 790 Theo-

957 812 1107 841 pompus:
1133 808 1232 833 tamen
1247 804 1366 843 potiore
1379 806 1447 844 jure
1463 810 1509 834 est
1521 808 1650 843 propter

926 865 928 882 ς
956 851 1082 875 matrem
1101 850 1129 876 1.
1144 847 1392 886 Phylomacham,
1407 847 1540 887 Hagniae
1556 847 1647 887 primi

926 892 928 932 ¹E
956 894 1091 927 neptem,
1108 889 1234 918 secundi
1251 890 1384 920 amitam.
1414 891 1538 930 Alioqui
1549 891 1650 922 Theo-

955 941 1071 970 polnpo
1088 937 1118 961 et
1136 932 1300 962 Eubulidae
1316 934 1427 962 fuisset
1443 944 1481 963 ex
1499 944 1586 972 aequo
1602 934 1649 962 di-

957 974 1090 1003 videnda
1122 975 1298 1010 haereditas,
1340 986 1410 1005 cum
1445 981 1574 1015 uterque
1609 977 1649 1005 sit

927 1033 928 1044 ι
956 1016 1089 1056 Hagnixe
1123 1018 1305 1056 posterioris
1343 1019 1436 1048 frater
1481 1018 1647 1058 patruelis.

926 1075 929 1107 ι
958 1060 1005 1089 Ex
1038 1060 1094 1089 hac
1125 1061 1341 1096 delineatione,
1371 1066 1401 1091 et
1426 1061 1648 1091 collateralium

195 1097 335 1135 adoptati
360 1103 504 1128 matrem:
536 1099 588 1137 qui
616 1099 732 1128 ratione
763 1101 887 1138 propin·
926 1111 929 1134 1

195 1139 320 1177 quitatis
343 1141 474 1180 Hagniae
500 1141 639 1177 secundi,
655 1141 705 1180 qui
726 1144 820 1173 orbus
834 1143 887 1172 de-
926 1153 929 1164 ·

955 1103 1037 1132 inter
1053 1114 1085 1133 se
1103 1108 1134 1133 et
1150 1105 1367 1133 adscendendo
1383 1109 1413 1134 et
1430 1104 1649 1135 descendendo

956 1146 1134 1182 collatione,
1162 1148 1251 1187 paulo
1278 1147 1392 1177 rectius
1417 1148 1508 1177 statui
1534 1148 1649 1188 poterit

956 1189 994 1219 de
1023 1190 1167 1227 gradibus
1192 1196 1223 1220 et
1247 1191 1419 1221 nominibus
1444 1191 1650 1221 necessitudi-

955 1242 1047 1262 num:
1073 1244 1141 1271 quae
1166 1238 1338 1272 permutata
1360 1245 1418 1264 non
1440 1245 1499 1264 uno
1523 1234 1553 1264 111
1579 1235 1648 1264 1000

956 1286 1025 1305 cum
1050 1281 1164 1312 essent,
1186 1282 1218 1307 et
1244 1279 1355 1306 Graeca
1379 1277 1500 1307 nomina
1531 1276 1648 1315 ἀνεψιῶν

956 1319 1017 1348 late
1044 1324 1179 1357 pateant,
1209 1320 1357 1360 proclivis
1382 1321 1412 1349 iu
1436 1322 1646 1351 convertendo

955 1362 1062 1400 lapsus
1087 1362 1154 1398 fuit,
1177 1363 1326 1393 vocabula
1345 1363 1413 1401 ipsa
1429 1364 1542 1403 potius,
1557 1375 1647 1403 quam

957 1404 1065 1434 seriem
1090 1406 1221 1444 generis,
1244 1406 1385 1436 intuenti.
1431 1407 1570 1443 Quorum
1595 1418 1650 1437 ex-

956 1448 1149 1486 plicationem
1176 1449 1226 1478 hic
1244 1450 1353 1481 <ordine
1376 1449 1585 1488 subjiciamus,
1602 1461 1651 1480 se-

956 1490 1049 1520 015111]
1076 1502 1092 1520 a
1109 1493 1231 1521 caeteris
1255 1492 1515 1528 annotatffinibus,
1541 1498 1573 1522 ut
1598 1504 1648 1523 res

955 1533 1026 1572 ipsa
1040 1534 1069 1563 in
1087 1540 1254 1573 conspectu
1271 1536 1372 1575 posita
1385 1535 1532 1566 lectorem
1546 1537 1650 1566 admo-

955 1581 1035 1608 neat.
1059 1577 1184 1608 WoLr.

942 1652 1084 1683 Donatus
1109 1654 1162 1690 ait,
1178 1655 1379 1685 consobrinos
1401 1666 1482 1692 esse,
1500 1660 1588 1686 natos
1611 1667 1651 1686 ex

941 1696 1033 1726 fratre
1046 1702 1077 1726 et
1091 1707 1206 1728 sorore.
1230 1698 1293 1727 Sed
1309 1700 1547 1734 Demosthenes,
1559 1700 1652 1728 omis-

943 1749 977 1768 sa
997 1739 1047 1768 bic
1067 1740 1287 1779 Phylomacha,
1313 1747 1415 1781 patres
1433 1742 1560 1772 secundi
1586 1743 1652 1772 Ha-

943 1781 1020 1821 gniae
1044 1788 1074 1812 et
1097 1784 1261 1813 Eubulid‘ae
1282 1785 1408 1814 secundi
1433 1787 1568 1815 confert:
1593 1796 1652 1824 qua

942 1825 1059 1854 ratione
1081 1826 1191 1856 fratres
1214 1827 1370 1865 patrueles
1394 1833 1492 1863 erunt,
1516 1839 1532 1858 e
1552 1828 1651 1858 tribus

943 1869 1089 1898 fratribus
1112 1870 1195 1906 nati3
1217 1876 1248 1899 et
1272 1871 1444 1900 Eubulides
1468 1872 1577 1901 tertius
1595 1872 1654 1901 erit

944 1911 1076 1950 Hagniae
1103 1913 1230 1942 secundi
1256 1913 1357 1942 fratris
1388 1914 1535 1953 patruelis
1562 1914 1653 1944 filius.

944 1954 1078 1984 Multum
1094 1956 1200 1991 refert,
1216 1966 1292 1994 quos
1316 1956 1396 1987 inter
1410 1968 1478 1987 sese
1503 1957 1653 1987 conseras.

943 1998 1021 2027 Sunt
1036 1998 1114 2027 enim
1131 1999 1196 2028 haec
1210 2001 1264 2028 τῶν
1280 1998 1352 2040 πρός
1367 2012 1407 2036 τι,
1424 2007 1454 2029 et
1477 2000 1536 2029 alio
1560 2006 1652 2039 atque

944 2040 1004 2069 alio
1033 2047 1176 2080 respectu
1207 2042 1282 2071 alias
1305 2047 1395 2080 atque
1419 2043 1494 2072 alias
1518 2044 1654 2082 appella-

943 2083 1043 2112 tiones
1059 2084 1233 2114 sortiuntur.
1256 2085 1354 2113 Verto
1371 2085 1465 2123 igitur
1481 2086 1519 2115 de
1532 2088 1652 2125 integro

943 2126 986 2155 sic
1002 2137 1008 2155 ε
1032 2130 1052 2143 “
1070 2129 1113 2156 Ac
1129 2128 1330 2166 Theopompo
1347 2128 1425 2157 filius
1442 2129 1630 2159 Macartatus
1647 2141 1654 2158 ε

945 2169 1110 2198 Eubulidae
1132 2175 1244 2203 autem,
1261 2171 1480 2209 Phylomachae
1497 2172 1570 2208 filio,
1585 2173 1655 2212 (qui

943 2217 1088 2250 respectu
1103 2213 1199 2251 patris
1216 2213 1366 2252 Philagri,
1383 2214 1514 2255 HagnIae
1530 2220 1655 2254 patrue-

944 2255 983 2283 lis
999 2255 1072 2295 fuit)
1087 2256 1178 2296 (Nati
1189 2257 1268 2286 enim
1279 2262 1348 2286 sunt
1361 2258 1482 2287 (luobus
1494 2259 1653 2294 fratribus,

945 2298 1109 2328 Polemone
1123 2304 1153 2327 et
1167 2299 1328 2339 Philagro)
1343 2311 1419 2339 puer
1430 2301 1479 2330 1110
1495 2306 1582 2331 natus
1593 2306 1655 2338 est,

944 2341 1075 2380 Hagniae
1088 2343 1278 2380 conjunctus,
1293 2348 1323 2372 ut
1339 2345 1419 2373 tilius
1434 2345 1581 2383 patruelis
1595 2345 1655 2374 sra-

944 2384 1037 2414 tris.⁷'
1055 2385 1118 2421 Qui
1135 2385 1225 2415 habet
1243 2382 1355 2424 aliquid
1375 2388 1484 2416 melius
1499 2392 1530 2417 et
1541 2389 1654 2417 certius

944 2432 974 2457 et
989 2428 1167 2463 dilucidius,
1183 2429 1303 2458 doceat.
1332 2430 1492 2459 Vocabula
1508 2430 1567 2460 ista
1585 2442 1658 2470 cog-

943 2470 1098 2500 nationum
1111 2476 1141 2501 et
1158 2471 1332 2502 affinitatum
1349 2478 1408 2502 tam
1426 2476 1545 2509 Graeca,
1568 2485 1658 2513 quam

946 2515 1063 2548 Latina,
1075 2515 1111 2543 ab
1126 2514 1195 2543 aliis
1206 2515 1298 2544 aliter
1309 2524 1508 2555 usurpantur:
1527 2528 1654 2556 quorum

946 2557 1167 2586 controversiis
1183 2557 1366 2588 decidendis
1382 2570 1440 2597 ego
1456 2570 1504 2590 me
1520 2560 1590 2589 nolo
1608 2570 1655 2589 ar-

947 2601 1058 2629 bitrum
1091 2600 1282 2630 honorarium
1316 2601 1523 2641 interponere.
1570 2602 1652 2632 Illud

948 2648 1063 2672 tantum
1086 2653 1173 2681 regn,
1189 2648 1235 2679 ut,
1252 2644 1276 2673 si
1302 2645 1370 2683 quis
1392 2656 1439 2682 cn,
1461 2647 1570 2685 quihus
1596 2656 1654 2682 ego

950 2696 1016 2715 sum
1034 2696 1118 2721 usus,
1131 2687 1320 2725 improbarit,
1331 2692 1392 2717 tum
1409 2689 1530 2718 demum
1541 2689 1655 2717 erroris

949 2739 998 2758 me
1013 2730 1205 2764 condemnet,
1221 2730 1271 2759 ubi
1288 2731 1389 2760 omnia
1410 2732 1523 2760 Lexica
1547 2732 1655 2760 Graeca

950 2776 980 2800 et
1004 2772 1122 2807 Latina,
1142 2773 1219 2801 inter
1243 2783 1311 2802 sese
1337 2774 1459 2808 conam,
1483 2775 1656 2803 consentire

950 2815 1098 2853 probarit.
1116 2816 1237 2846 WoLr.
1263 2817 1323 2844 Hie
1337 2817 1407 2855 lego
1429 2822 1457 2845 et
1478 2816 1656 2854 distinguo:

949 2857 1057 2895 εΑγνιόυ
1077 2856 1133 2887 ὄντι
1159 2858 1224 2898 πρές
1246 2857 1362 2898 μητξός,
1388 2857 1499 2894 cithini]
1523 2861 1601 2892 ’.ταῖς
1624 2860 1659 2889 ὢν

947 2899 1046 2940 Ἀγνίᾳ
1061 2900 1126 2941 πρὸς
1141 2901 1248 2941 πατξός
1262 2899 1435 2935 Εἰβουλίδευ,
1451 2902 1543 2930 οὑτοσὶ
1562 2902 1573 2931 ὀ
1590 2903 1660 2935 παῖς

953 2944 1038 2984 (scil.
1055 2942 1188 2983 ἐγένετο).
1205 2943 1296 2974 ἐπειδὴ
1313 2955 1338 2972 κ.
1360 2956 1388 2972 τ.
1407 2950 1434 2973 λ.
1452 2945 1496 2973 sic
1520 2944 1580 2973 levi
1603 2946 1658 2974 im-

204 2991 320 3017 ποι-010,
336 2987 367 3012 et
385 2985 642 3023 t³hilagro,fratre
660 2988 912 3027 Polemonis-‚qui
953 2987 1124 3016 mutatione
1139 2994 1171 3016 et
1195 2987 1441 3025 transpositione,
1465 2988 1513 3018 hic
1536 2989 1657 3019 taudem

206 3023 332 3055 Polemo
350 3026 407 3056 suit
423 3027 554 3067 Hagniae
570 3029 697 3060 secundi
715 3036 808 3071 pater.
833 3032 911 3062 Nam

954 3030 1029 3060 mihi
1044 3030 1132 3059 locus
1149 3029 1268 3059 claruit.
1285 3030 1419 3059 Ave-nn.
