1915 3338
244 219 347 265 148

649 224 1304 271 ΔΗΜΟΣΘΕΝΟΥΣ

317 338 366 388 ιε’.
398 334 552 402 ’Ἄξιον
581 338 737 401 τοίνυν,
766 338 798 389 ἱῖἷ
823 335 969 406 ἄνδρες
996 335 1232 402 δικασταὶ,
1270 337 1350 391 καὶ
1387 337 1481 390 τόδε
1519 339 1708 411 ἐνθυμη-

242 453 343 475 αυτους
357 452 408 481 up.
423 441 530 482 νόμους.
553 443 691 474 Auem.

286 483 318 514 ιὲ.
327 483 421 524 ’Ἄξιον
432 485 515 515 τοίνυν
525 504 566 508 ———
575 484 781 535 γεγραμμένοι]
792 487 855 516 Pro
864 497 958 515 κατω-

242 524 383 557 λείπουσιν
397 529 447 567 le‹
437 530 559 559 endum
583 529 729 558 existimo
744 528 959 558 κατακλείουσιν

242 574 273 599 et
301 572 480 600 vertendum
504 573 677 601 occludunt.
715 573 876 602 Postrema
900 572 960 601 ista

241 617 276 641 ut
290 613 509 653 intelligantur,
521 615 580 644 imo
596 625 645 644 res
658 619 732 650 tota,
743 615 959 645 Phormionem

243 655 470 686 observandum
492 662 539 687 est
557 658 699 687 Pasionis
718 659 876 697 trapezitae
899 668 960 687 ser-

244 707 315 728 vum
333 699 438 735 fuisse,
455 709 567 729 mensae
588 701 686 739 ipsius
708 702 915 740 propositum,
932 706 963 730 et

244 741 281 769 ab
294 752 330 770 eo
348 742 488 771 libertate
504 744 659 773 donatum.
686 744 731 772 Eo
747 750 879 780 mortuo,
892 754 961 777 cum

243 784 450 822 Apollodorus
471 786 610 815 Pasionis
633 787 711 816 filius
736 788 845 816 absens
870 792 963 821 esset,

243 826 271 854 in
297 827 432 856 exercitu
449 829 627 859 Atheniensi
649 829 782 859 triremis
807 840 894 868 quam
918 830 962 858 in-

244 872 401 899 struxerat
415 872 591 909 praefectus,
618 872 760 902 Phormio
777 873 963 911 Archippam

244 912 387 942 Pasionis
403 914 539 949 viduam,
555 915 657 944 heram
679 916 751 944 olim
772 926 869 950 suam,
886 926 964 945 uxo-

243 965 307 983 rem
327 955 428 991 (luxit,
448 962 479 986 et.
498 958 701 987 maximorum
722 960 869 988 bonorum
893 969 963 997 par-

244 1001 303 1026 tem
321 1009 337 1027 a
349 999 482 1028 Pasione
494 1001 671 1030 relictorum
682 1001 807 1037 invasit,
820 1002 875 1031 hoc
886 1012 963 1039 prae-

246 1044 345 1075 textu,
357 1043 437 1080 quod
452 1044 561 1072 Pasion
575 1048 757 1073 testamento
771 1055 824 1073 suo
837 1055 963 1074 uxorem

245 1083 273 1112 ei
291 1094 375 1113 suam
391 1085 580 1123 reliquisset,
597 1097 665 1116 cum
682 1088 727 1116 ΙΙ.
746 1087 890 1116 talentum
908 1088 963 1115 do-

246 1132 289 1161 te,
311 1127 402 1156 domo
421 1129 456 1157 C.
480 1130 570 1158 minis
592 1130 753 1164 aestimata,
778 1129 911 1164 ancillis,
934 1134 964 1158 et

245 1179 333 1205 auro,
351 1170 494 1209 omnique
515 1183 582 1211 quae
607 1173 689 1202 domi
707 1177 772 1202 erat
787 1173 963 1211 supelleeti-

246 1211 284 1242 le.
311 1213 531 1252 Apollodorus,
541 1225 608 1244 cum
621 1216 744 1245 domum
759 1225 901 1245 reversus
916 1226 963 1244 es-

247 1259 306 1291 set,
325 1256 536 1286 Phormionem
558 1259 587 1287 in
603 1259 655 1296 jus
676 1268 787 1288 vocare
805 1259 914 1294 voluit,
932 1262 964 1287 ut

247 1299 325 1327 bona
351 1304 477 1337 paterna
502 1301 559 1329 sibi
586 1302 780 1338 restitueret3
812 1303 866 1330 sed
894 1302 965 1340 quia

242 1341 398 1379 justitium
422 1347 488 1372 erat
513 1348 636 1383 propter
657 1344 784 1379 bellum,
808 1355 863 1373 neo
893 1344 964 1373 ideo

245 1384 369 1422 privato
381 1385 499 1422 judicio
516 1390 638 1424 poterat
656 1387 806 1415 adversus
825 1398 891 1416 eum
909 1398 964 1416 ex-

245 1427 351 1465 periri,
378 1428 558 1465 injuriarum
583 1440 653 1459 eum
681 1430 849 1466 accusavit,
875 1435 965 1468 atque

247 1470 472 1500 accusationem
482 1472 613 1501 instituit
624 1473 706 1511 apud
719 1473 964 1502 Thesmothetas.

246 1513 432 1550 Injuriarum
450 1516 520 1553 quia
537 1515 646 1553 injuria
660 1518 696 1544 ab
713 1527 749 1545 eo
765 1516 825 1544 sibi
842 1521 906 1545 erat
923 1516 964 1544 fa-

247 1560 296 1585 cta
313 1562 341 1585 et
358 1557 499 1586 Pasionis
515 1559 681 1593 memorite,
702 1559 861 1597 Archippa
878 1559 965 1588 Pasi-

249 1600 316 1627 onis
333 1600 436 1635 vidua,
454 1602 540 1639 cujus
558 1601 706 1630 Phormio
730 1612 838 1631 servus
855 1602 966 1638 suerat,

247 1641 279 1670 in
305 1652 434 1671 uxorem
463 1644 566 1678 dueta,
588 1648 618 1673 et
644 1644 732 1674 bonis
754 1646 831 1683 ejus,
855 1646 965 1684 quibus

249 1685 391 1714 Pasionis
408 1686 521 1716 liberos
545 1687 744 1725 spoliaverat,
767 1689 803 1716 ab
821 1698 856 1716 eo
874 1698 965 1717 ocou-

249 1728 341 1766 patis.
366 1729 560 1767 Injuriarum,
575 1728 849 1769 &figzo);,judieimn
867 1732 966 1769 publi-

250 1781 318 1799 cum
337 1777 400 1801 erat
417 1776 448 1801 et
464 1773 623 1801 famosum.
661 1774 896 1803 Accusationem
915 1785 966 1803 an-

250 1818 311 1842 tem
329 1814 420 1843 ullam
438 1825 585 1854 peragere
602 1827 657 1845 non
676 1816 788 1855 potuit,
805 1822 868 1846 tum
886 1817 965 1855 quod

250 1866 307 1885 nec
331 1855 399 1895 ipsa
421 1858 543 1897 publica
562 1859 679 1897 judicia
700 1864 827 1898 propter
850 1860 969 1889 belluni

252 1903 336 1929 erant
353 1900 440 1930 valde
458 1902 649 1941 frequentia,
672 1907 735 1931 tum
758 1904 839 1941 qnod
862 1903 967 1932 matris

250 1943 397 1980 precibus
413 1950 441 1973 et
459 1945 715 1974 obtestationibus
728 1949 759 1974 et
773 1946 966 1975 Phormionis

250 1985 410 2022 promissis
422 1987 520 2016 fuerat
532 1987 680 2025 placatus.
704 1988 794 2016 Bello
811 1992 921 2017 exacto
938 1993 967 2017 et

246 2028 377 2065 judiciis
389 2029 530 2064 redditis,
540 2040 608 2058 cum
623 2030 697 2059 nihil
710 2031 789 2068 aequi
800 2041 817 2059 a
830 2031 969 2060 Phormi-

251 2080 309 2100 one
330 2071 468 2101 obtinere
488 2079 603 2111 posset,
621 2083 689 2101 eum
712 2073 741 2101 in
759 2075 810 2112 jus
837 2074 959 2103 vocavit

251 2117 282 2142 et
303 2114 423 2151 privata
444 2115 562 2144 actione
581 2116 730 2144 adversus
750 2125 817 2144 enm
843 2116 916 2154 ogit,
938 2121 969 2146 ut

253 2155 342 2191 bona,
359 2167 426 2194 quae
439 2158 496 2186 sub
513 2161 668 2195 praetextu
684 2159 869 2193 testamenti,
886 2160 969 2196 quod

251 2207 269 2226 a
286 2198 420 2228 Pasione
436 2200 548 2229 sactum
567 2200 702 2235 dicebat,
718 2200 892 2235 invasisset,
910 2200 968 2231 sibi

252 2241 410 2271 redderet.
441 2242 601 2272 Actionem
618 2243 693 2271 hano
712 2242 857 2272 Phormio
873 2244 969 2282 depu-

252 2283 289 2312 lit
307 2285 550 2324 praescriptione,
565 2290 596 2315 et
613 2285 798 2324 exceptione
812 2285 855 2314 rei
873 2290 969 2316 trans-

254 2331 342 2356 actae.
394 2328 435 2357 Et
468 2338 640 2367 quanquam
672 2338 707 2357 ea
736 2329 968 2367 praescriptione

255 2370 414 2399 submotus
433 2371 555 2400 actione
575 2372 744 2407 videretur,
768 2372 908 2409 quoniam
925 2376 970 2400 ta-

254 2422 324 2441 men
338 2417 433 2442 testes
449 2414 631 2450 adduxerat,
645 2414 697 2452 qui
715 2414 753 2443 de
769 2414 909 2443 Pasionis
924 2420 969 2444 te—

254 2459 404 2484 stamento
420 2457 624 2486 testimonium
641 2457 790 2493 dicerent,
806 2458 970 2487 contende-

255 2497 308 2526 bat
325 2498 542 2536 Apollodorus,
558 2500 643 2529 falsis
664 2510 769 2529 eorum
786 2500 969 2530 testimoniis

255 2550 435 2579 oppressum
461 2552 493 2571 se
517 2552 604 2572 esse:
629 2553 687 2581 qua
707 2544 746 2572 de
762 2553 854 2572 causa
876 2548 969 2573 testes

254 2582 324 2612 salsi
339 2584 503 2613 testimonii
521 2585 688 2620 accusavit,
705 2591 796 2624 atque
808 2586 838 2615 in
856 2585 894 2615 iis
908 2596 969 2616 ma—

254 2626 339 2655 xime
357 2627 555 2664 Stephanum.
589 2629 701 2658 Eorum
718 2634 817 2657 autem
835 2629 969 2658 omnium

255 2670 431 2699 testimonia
447 2680 483 2699 eo
499 2670 689 2706 recidebant,
709 2675 744 2699 ut
757 2671 893 2701 dicerent
908 2673 969 2701 Pa-

256 2710 373 2741 sionem
382 2712 881 2753 testamentumreliquisse,atque
890 2716 968 2753 ejus,

255 2753 435 2794 ἄντίγξαφον,
464 2756 635 2793 exemplum
665 2756 695 2784 in
717 2756 858 2786 echinum
887 2758 968 2796 apud

256 2797 403 2826 arbitrum
417 2808 432 2827 a
449 2798 628 2827 Phormione
642 2799 823 2835 conjectum,
843 2800 968 2837 Apollo-

257 2838 332 2868 doro
348 2850 365 2868 a
387 2841 569 2870 Phormione
587 2842 748 2879 sponsione
763 2842 918 2877 lacessito,
938 2843 968 2871 ni

256 2884 429 2912 testamenti
448 2883 596 2918 Pasionis,
612 2884 692 2922 quod
709 2885 791 2921 apud
807 2885 968 2923 Amphiam

254 2923 440 2962 deposuerat
462 2928 603 2965 quodque
627 2926 772 2965 Amphias
793 2927 968 2962 exhibebat,

254 2968 427 3006 exemplum
442 2975 533 2999 esset.
565 2969 749 3007 Disputabat
763 2969 858 3007 igitur
873 2970 968 3008 Apol-

267 3010 380 3040 odorus
396 3015 608 3043 testamentum
630 3012 706 3043 illud
728 3011 823 3042 fuisse
847 3012 967 3048 falsum,

991 443 1071 481 quod
1087 443 1225 483 pluribus
1238 444 1424 483 argumentis
1439 445 1559 475 efficere
1574 446 1709 482 volebat,

992 496 1119 524 quorum
1133 487 1207 516 illud
1222 493 1409 526 postremum
1424 492 1499 523 erat,
1517 490 1598 527 quod
1615 495 1708 519 testa-

990 529 1086 557 menti
1102 529 1185 559 nulla
1201 541 1330 568 unquam
1348 530 1507 570 ἀντίγραφα.
1528 531 1644 568 tierent,
1670 532 1711 560 ob

993 581 1058 599 eam
1076 582 1163 609 quam
1181 578 1268 603 antea
1283 573 1418 609 diximus
1431 583 1573 611 causam3
1597 578 1626 603 et
1641 584 1710 603 cun}

993 615 1105 643 tabulae
1121 614 1191 650 itlae,
1209 626 1282 655 quas
1301 617 1468 646 exhibebat
1484 617 1643 654 Amphias,
1662 627 1711 646 es—

995 661 1061 686 sent
1085 658 1207 693 clausae,
1233 660 1388 698 quaerebat
1418 659 1626 698 Apollodorus
1655 670 1712 698 po·

995 699 1116 729 stt-emis
1133 701 1280 731 clausulae
1296 712 1385 740 quam
1402 702 1625 741 exscripsimus
1642 712 1710 731 ver-

996 743 1053 776 bis,
1070 744 1121 781 qui
1141 744 1254 773 scirent
1269 745 1405 774 libellum
1427 755 1443 774 a
1462 746 1641 774 Phormione
1657 756 1711 774 ex-

996 785 1124 815 hibitum
1142 787 1317 826 exemplum
1333 798 1402 817 esse
1414 789 1588 818 testamenti
1602 788 1712 817 Pasin-

997 828 1062 857 nis?
1089 828 1236 867 [Deinde‚
1264 829 1428 859 Atticismo
1453 831 1595 860 Salmasii
1616 831 1712 869 pluri-

997 871 1055 900 mis
1072 881 1217 907 excuSSO,
1235 872 1361 902 affirmat
1380 873 1416 902 V.
1434 874 1474 902 D.
1489 874 1577 911 apud
1597 874 1712 903 Demo-

998 914 1133 943 sthenem
1150 914 1280 948 διαθήκας
1295 914 1455 954 ἀντίγραφα
1471 914 1611 944 ποιεῖσθαι
1629 916 1713 945 nullo

997 957 1088 986 modo
1101 957 1193 987 scribi
1209 968 1316 996 posse,
1334 959 1405 996 quia
1417 958 1460 987 ibi
1477 968 1536 988 non
1553 959 1590 988 de
1605 959 1715 989 tabulis

997 999 1187 1036 authenticis,
1205 1002 1257 1030 sed
1275 1001 1314 1030 de
1329 1001 1465 1040 exemplis
1479 1006 1594 1031 tantum
1613 1012 1713 1031 sermo

998 1046 1044 1070 est
1060 1053 1067 1078 3
1084 1048 1115 1072 et
1127 1043 1253 1073 dubium
1264 1043 1378 1073 nullum
1392 1054 1460 1074 esse
1474 1049 1572 1082 putat,
1583 1044 1654 1083 quin
1665 1044 1713 1073 vel

997 1084 1123 1118 διαθηκης
1139 1096 1206 1115 cum
1221 1087 1336 1116 Wolfio
1354 1087 1403 1116 vel
1420 1085 1550 1117 διαθηκῶν
1566 1087 1713 1126 scriptum

997 1128 1036 1156 sit
1050 1138 1068 1157 a
1085 1129 1302 1159 Demosthene
1306 1130 1320 1170 ]
1340 1130 1469 1168 Proprie
1484 1130 1579 1168 igitur
1596 1134 1625 1159 et
1642 1140 1715 1159 vere

996 1169 1156 1209 ἀντιγξαφα
1171 1173 1297 1210 etempla
1316 1177 1430 1202 tantum
1450 1177 1531 1207 sunt,
1554 1183 1611 1202 non
1629 1173 1714 1201 tabu-

999 1213 1032 1241 lae
1049 1213 1309 1249 autltencicae‚11ec
1326 1215 1415 1244 fidem
1430 1215 1554 1251 faciunt,
1569 1221 1713 1254 tanquam

998 1255 1186 1294 πξωτότυπιι,
1211 1258 1269 1286 nisi
1289 1268 1390 1287 coram
1412 1258 1588 1288 adversario
1604 1258 1717 1288 fuerint

999 1298 1037 1327 ad
1066 1300 1272 1329 authenticum
1302 1301 1532 1330 instrumentum
1558 1311 1718 1340 expressa,

999 1351 1060 1379 quo
1077 1352 1151 1372 casu
1167 1343 1256 1373 fidem
1274 1343 1439 1378 faciebant,
1455 1344 1536 1382 quod
1553 1345 1590 1373 ad
1607 1344 1717 1374 adver-

1000 1384 1111 1414 sarium
1128 1385 1228 1421 illum,
1244 1396 1302 1415 non
1323 1386 1354 1415 in
1371 1386 1558 1421 universum,
1578 1390 1613 1415 ut
1634 1387 1719 1417 dice-

1001 1438 1067 1456 mus
1083 1433 1208 1467 postea;
1232 1439 1313 1458 nuno
1327 1433 1427 1458 autem
1444 1429 1505 1468 mg?
1518 1432 1573 1459 τῶν
1586 1431 1718 1470 ἀντιγρά-

1001 1477 1058 1509 φων
1073 1473 1127 1500 τῶν
1142 1472 1282 1505 Πασίωνος
1297 1470 1427 1502 διαθηκῶν
1443 1472 1648 1510 adjiciendum
1663 1473 1719 1502 ali-

1001 1512 1087 1551 quid,
1104 1514 1174 1552 quia
1193 1525 1242 1543 res
1257 1514 1423 1553 plurimum
1446 1515 1538 1544 habet
1557 1515 1719 1545 difficulta-

1001 1556 1051 1584 tis.
1086 1557 1230 1586 Phormio
1255 1557 1352 1597 igitur
1380 1558 1505 1588 dicebat
1528 1558 1718 1598 Archippam

1001 1598 1130 1628 duxisse
1155 1611 1187 1629 se
1211 1611 1247 1630 ex
1269 1605 1450 1630 testamento
1468 1601 1622 1637 Pasionis,
1646 1602 1720 1632 dote

1002 1648 1139 1681 accepta,
1155 1653 1222 1681 quae
1237 1643 1265 1672 in
1286 1640 1469 1673 testamento
1486 1644 1545 1673 sibi
1566 1649 1630 1674 erat
1646 1655 1720 1673 con-

1003 1685 1120 1720 stituta,
1137 1691 1167 1714 et
1187 1686 1258 1724 quia
1274 1691 1484 1717 testamentum
1502 1697 1561 1715 non
1578 1687 1722 1722 habebat,

1003 1732 1037 1756 ut
1052 1728 1091 1757 de
1105 1738 1141 1757 eo
1153 1728 1244 1758 fidem
1261 1731 1386 1765 faceret,
1404 1730 1479 1759 illud
1496 1729 1620 1759 dicebat
1637 1730 1719 1769 apud

1003 1771 1148 1800 arbitrum
1156 1772 1338 1807 exhibitum,
1347 1782 1441 1812 seque
1450 1772 1639 1811 Apollodoro
1649 1783 1722 1802 con-

1002 1814 1149 1844 ditionem
1169 1815 1317 1845 detulisse
1338 1816 1377 1844 de
1392 1820 1575 1845 testamento
1592 1827 1627 1845 eo
1649 1826 1721 1854 ape-

1003 1858 1122 1893 riendo,
1133 1859 1213 1895 quod.
1226 1858 1278 1887 ille
1292 1859 1357 1897 pati
1369 1859 1513 1888 noluerit.
1537 1858 1722 1898 Stephanus,

1003 1910 1073 1928 cum
1093 1900 1161 1941 περὶ
1185 1901 1363 1940 πςοκλήο-εως
1383 1902 1417 1930 de
1437 1902 1601 1931 conditione
1622 1902 1721 1931 delata

1002 1943 1208 1972 testimonium
1225 1944 1363 1982 praebere
1379 1949 1504 1983 rogatus
1517 1949 1610 1979 esset,
1628 1949 1722 1974 testa-

1004 1989 1053 2014 tus
1069 1989 1116 2014 est
1133 1990 1163 2014 et
1180 1986 1217 2015 de
1233 1991 1429 2022 testamento,
1445 1997 1505 2015 non
1517 1987 1555 2016 de
1568 1987 1721 2025 originali,

1005 2034 1036 2056 ut
1053 2028 1227 2066 loquuntur,
1245 2029 1300 2059 sed
1316 2030 1354 2058 de
1375 2030 1526 2068 exemplo,
1543 2029 1600 2058 hoc
1617 2030 1720 2065 modo,

963 2097 971 2109 ,
987 2070 1056 2108 ‘qui
1066 2070 1194 2101 habetur
1203 2072 1234 2100 in
1245 2072 1393 2111 Stephani
1403 2072 1578 2101 testimonio
1590 2071 1636 2111 [Γ.
1647 2076 1720 2103 113.

1005 2123 1033 2141 v.
1048 2123 1118 2151 pen.
1136 2115 1152 2143 I
1170 2114 1363 2154 Steph.or.]‚
1381 2115 1436 2144 sed
1454 2115 1556 2144 verbis
1572 2116 1721 2145 obscuris.

1004 2155 1143 2194 Στέφανος
1154 2156 1319 2191 Μενεκλέους
1330 2168 1357 2187 κ.
1371 2168 1401 2186 τ.
1414 2163 1444 2186 λ.
1468 2159 1512 2187 Ut
1530 2168 1620 2187 verus
1634 2158 1722 2187 testi-

1002 2198 1096 2227 monii
1119 2199 1209 2236 hujus
1226 2209 1334 2229 seusus
1350 2200 1536 2235 inveniatur,
1552 2201 1722 2240 transposi-

1003 2240 1101 2270 tiones
1117 2243 1256 2279 quaedam
1268 2242 1469 2272 observandae
1480 2247 1562 2277 sunt,
1577 2248 1608 2273 et
1622 2244 1723 2274 omnia

1003 2282 1032 2311 in
1045 2293 1135 2312 suum
1152 2294 1279 2323 quaeque
1296 2285 1396 2314 locum
1408 2285 1612 2315 restituenda.
1637 2287 1721 2325 Ergo

1003 2335 1070 2354 oum
1092 2327 1266 2365 Stephanus
1288 2331 1318 2356 et
1344 2328 1458 2366 Scytha
1479 2329 1583 2358 testati
1606 2334 1721 2365 essent,

1003 2369 1085 2406 apud
1101 2369 1215 2399 Tisiam
1228 2369 1374 2399 arbitrum
1391 2371 1469 2399 forte
1485 2370 1580 2400 fuisse
1594 2381 1638 2406 se,
1651 2382 1720 2401 cnm

1004 2411 1150 2441 Phormio
1174 2412 1381 2442 conditionem
1399 2411 1591 2451 Apollodoro
1615 2413 1720 2449 ferret,

1003 2454 1042 2483 de
1058 2454 1232 2493 aperiendis
1251 2455 1390 2484 Pasionis
1410 2455 1533 2491 tabulis,
1556 2466 1630 2494 quas
1645 2457 1719 2486 Am-

1004 2496 1094 2536 phion
1112 2497 1289 2533 exhibebat,
1310 2508 1435 2536 quarum
1456 2498 1630 2536 exemplum
1653 2509 1722 2528 esse

1004 2541 1186 2578 probaretur
1200 2541 1349 2576 libellum,
1364 2541 1416 2579 qui
1435 2540 1467 2569 in
1485 2541 1626 2570 echinum
1647 2551 1721 2570 con-

999 2584 1102 2621 jectus
1118 2583 1227 2618 fuerat,
1246 2583 1316 2612 falsi
1337 2583 1369 2613 id
1390 2583 1537 2623 arguebat
1551 2583 1722 2622 Apollodo-

1003 2636 1068 2662 rus,
1085 2636 1152 2655 cum
1168 2635 1225 2655 nec
1241 2626 1382 2655 Pasionis
1403 2629 1615 2656 testamentum
1637 2631 1721 2656 esset

1003 2669 1048 2705 id,
1062 2679 1160 2708 neque
1173 2669 1345 2698 testamenti
1356 2669 1440 2698 illius
1454 2668 1641 2707 exemplum.
1658 2669 1721 2698 His

1003 2711 1046 2741 ita
1062 2712 1221 2750 expositis,
1237 2717 1334 2741 totum
1356 2712 1434 2741 hunc
1457 2712 1558 2740 locum
1581 2711 1625 2740 ita
1648 2721 1722 2740 con-

1004 2755 1192 2784 stituendum
1204 2755 1367 2785 existimo:
1393 2752 1531 2792 Στέφανος
1544 2771 1555 2776 -
1566 2770 1600 2778 --
1615 2751 1723 2783 Ἀπολ-

1004 2797 1124 2836 λόδωξον,
1141 2796 1251 2834 ἀνοίγειν
1271 2799 1325 2831 τὰς
1347 2795 1476 2830 &adnuae
1495 2795 1550 2829 ’τὰς
1569 2794 1721 2848 Πασίωνος,

1004 2842 1039 2874 ὡς
1055 2840 1119 2880 [ἃς]
1134 2838 1289 2893 παξείχετο
1298 2838 1370 2878 πρὸς
1384 2837 1430 2869 τὸν
1446 2839 1591 2869 &mna-312⁴
1590 2837 1719 2877 Ἀμφίων

1003 2884 1015 2912 ὂ
1029 2889 1062 2912 Κ.
1085 2882 1230 2915 κηδεστης.
1249 2894 1263 2912 η
1279 2883 1345 2921 μὴν,
1362 2880 1457 2920 ‹pne-iv,
1477 2881 1638 2920 ἆντίγξαφει
1653 2879 1719 2910 εῖναι

1003 2928 1057 2955 τῶν
1073 2924 1204 2955 διαθηκῶν
1223 2926 1279 2954 τῶν
1295 2931 1344 2960 Π.,
1365 2923 1397 2954 τὸ
1410 2924 1622 2965 γραμματεῖον,
1638 2934 1649 2951 ο
1664 2921 1717 2952 ἐνε-

1003 2968 1111 3001 Βάλετο
1126 2974 1158 2997 Φ.
1177 2967 1214 3001 εἷς
1230 2967 1275 2997 τὸν
1288 2966 1384 3008 ἐχῖνον.
1396 2966 1546 2997 Ἀπολλόδ.
1558 2965 1618 2996 &c.
1633 2966 1717 3002 Que-

1003 3012 1127 3042 rebatur
1153 3010 1246 3049 igitur
1273 3010 1478 3050 Apollodorus
1504 3008 1620 3049 passim
1651 3012 1715 3038 tota
