1915 3338
255 176 361 223 302
638 189 671 229 l.
704 189 965 231 TAYLORI
1001 190 1318 240 PRAEFATIO

260 280 381 329 οἰόμαι
416 277 619 326 διαγνῶναι
657 279 805 330 ῥᾳδίως,
839 281 989 330 πότερον
1025 279 1381 330 Δημοσθένους
1423 281 1535 326 ἐστὶν,
1568 283 1589 326 ἢ
1619 281 1710 318 Αυ-

250 355 281 375 »σ
295 342 306 374 ί
318 355 337 376 ο
353 356 383 377 υ.
413 340 594 385 τοσαύτην
613 341 646 376 οἱ
666 348 893 390 χαρακτῆρες
910 342 1104 391 ὁμοιότητα
1120 342 1212 391 πρὸς
1233 343 1423 385 ἀλλήλους
1438 341 1579 396 ἔχουσι.
1596 348 1710 379 τοιοῦ-

259 402 320 442 τός
339 400 493 438 ἐστικαὶ
508 402 526 437 ὁ
542 401 634 449 πρὸς
652 401 939 450 Ἀπολλόδωρον
955 402 1043 453 ὺπέρ
1055 403 1276 453 Φορμίωνος,
1294 404 1353 438 καὶ
1375 403 1393 437 ὁ
1413 405 1489 439 κατ’
1509 402 1708 454 Ὀλυμπιο-

257 460 370 511 δώρου
391 469 454 506 τῆς
474 461 641 508 βλάβης,
662 464 719 498 καὶ
741 463 759 498 ὁ
781 462 872 512 πρὸς
892 463 1052 500 Βοιωτὸν
1071 463 1162 514 ὺπέρ
1181 469 1243 501 τοῦ
1262 465 1458 514 ὀνόματος,
1480 468 1515 510 ἥ,
1537 481 1573 501 τε
1598 466 1708 514 πρὸς

259 521 561 569 Εὐβουλίδην
581 523 684 573 ’Έφε
700 539 771 564 σις
800 538 830 560 κ.
848 540 879 560 τ.
901 526 938 561 λ.
992 524 1154 574 Dionys.
1178 525 1306 564 Halic.
1329 541 1368 562 π.
1390 532 1454 570 τῆς
1469 525 1563 576 Δημ.
1579 525 1708 563 δεινότ.

256 590 286 632 ξ.
309 588 371 621 13.
418 584 558 620 Verum
580 589 778 633 utcunque
796 596 840 620 ea
861 597 919 621 res
940 584 1002 629 sit,
1025 598 1099 621 non
1119 586 1293 623 adducor
1307 600 1353 624 ex
1373 585 1475 623 notis
1494 586 1576 624 istis
1595 587 1708 624 chro-

255 645 518 694 nologici8‚11t
549 645 595 681 ad
631 645 888 694 antiquiorem
920 653 1026 691 natu,
1048 659 1165 695 quam
1194 647 1508 693 Demosthenem,
1530 648 1706 698 protinus

254 705 447 742 referrem.
483 705 561 748 Qui
581 705 682 742 enim
705 706 864 757 Olymp.
886 707 1050 744 XCVII.
1074 707 1110 744 in
1133 708 1258 745 lucem
1278 708 1405 746 editus
1426 716 1520 753 erat,
1541 722 1610 746 cur
1629 721 1705 745 non

253 779 319 815 per
339 772 491 803 aetatem
515 766 548 802 ei
577 767 749 805 licuisset
777 767 936 817 Olymp.
957 767 1080 804 CVII.
1110 768 1168 805 vel
1200 768 1345 806 CVIII.
1372 769 1429 806 vel
1459 770 1572 807 etiam
1598 769 1710 806 CIX.

248 840 402 864 causam
415 827 518 876 apud
531 827 688 876 judices
703 828 847 873 dicere,
871 834 910 866 et
931 834 1090 866 matrem
1109 841 1226 878 porro
1247 829 1488 879 superstitem
1510 829 1683 867 habere?

304 888 432 925 Multo
450 889 571 926 minus
588 889 712 927 ducor
732 903 776 927 ea
792 890 895 935 crisi,
914 903 1002 940 quae
1022 895 1198 927 movetur
1213 892 1296 940 περὶ
1312 895 1374 928 τοῦ
1394 891 1705 942 ἀποψηφίζεσθαι,

250 955 291 987 ut
314 950 397 987 haec
420 951 673 988 Demostheni
695 951 933 1001 abjudicem.
990 951 1116 989 Nobis
1136 964 1213 989 non
1234 952 1414 1002 displicet
1431 965 1521 990 usus
1538 953 1612 998 ille,
1635 952 1703 1002 qui

248 1011 330 1048 aliis
344 1024 479 1058 novus,
493 1012 552 1049 vel
568 1013 681 1050 etiam
702 1013 894 1051 absurdus
915 1026 1000 1050 esse
1018 1013 1184 1052 videtur.
1206 1014 1353 1053 Contra
1372 1026 1416 1051 ea
1436 1012 1701 1058 verdscimus,

248 1072 489 1121 Scriptorem
511 1074 685 1111 Atticum
708 1087 783 1111 non
804 1074 977 1124 potuisse
997 1075 1216 1112 accuratius
1236 1079 1273 1112 et
1289 1075 1508 1125 expressius
1521 1087 1598 1112 rem
1616 1087 1700 1112 eam

242 1133 457 1182 designare,
493 1147 609 1183 quam
647 1136 686 1173 in
726 1135 854 1173 animo
893 1136 1074 1174 instituit.
1144 1136 1348 1175 Ordinarie
1384 1134 1543 1185 quidem
1575 1135 1700 1185 judex

242 1195 543 1246 ᾀποψιφφίζεσὲιιι
574 1196 730 1241 dicitur,
764 1210 854 1234 cum
885 1197 934 1235 ad
963 1197 1128 1235 salutem·
1150 1197 1398 1248 pronunciat,
1429 1202 1547 1246 atque
1581 1196 1620 1233 id
1656 1202 1700 1234 ut

242 1255 451 1305 plurimum
471 1257 635 1295 obtinet.
692 1259 745 1294 At
771 1271 861 1295 vero
888 1271 976 1296 cum
1005 1258 1219 1306 instituitur
1245 1258 1462 1309 διαψήφισις
1488 1258 1529 1294 ἐν
1556 1257 1699 1307 δήμοις,

239 1330 329 1354 cum
352 1318 619 1367 unusquisque
641 1319 814 1369 Populus
829 1319 884 1358 de
907 1326 1007 1357 statu
1031 1333 1186 1358 suorum
1216 1319 1445 1357 sententiam
1467 1317 1566 1370 ferre
1591 1324 1699 1371 tene-

241 1383 327 1415 tur:
358 1392 458 1424 eum,
481 1392 594 1428 quem
619 1381 843 1430 reprobant,
870 1380 1172 1432 ἀποψηφίζεσθαι
1200 1380 1395 1425 dicuntur,
1417 1386 1551 1431 contra⁷
1582 1393 1698 1429 quam

238 1452 283 1477 ea
303 1453 377 1476 vox
404 1441 635 1490 generaliter
661 1441 835 1478 adhiberi
858 1442 969 1480 solet.
1025 1441 1186 1484 Φύλλοις
1219 1440 1254 1478 δὲ
1286 1441 1509 1492 ἐψηφίζοντο
1540 1441 1572 1477 οἱ
1604 1444 1698 1479 κατά

239 1500 374 1551 δήμους
393 1501 611 1547 δικάζοντες,
628 1501 684 1545 οἷς
702 1503 927 1552 ἐπέγραφον,
948 1502 977 1539 ε’ί
997 1519 1052 1544 τις
1073 1505 1122 1544 ὡς
1141 1503 1433 1552 παρέγγραπτος
1452 1501 1621 1554 ἐκρίνετο.
1640 1502 1699 1538 καὶ

236 1562 277 1600 τὸ
297 1570 537 1611 καταγνῶναι
564 1565 730 1601 ἐκαλεῖτο
760 1564 1093 1614 ἐκφυλλοφορῆσαι,
1120 1564 1180 1600 καὶ
1212 1564 1230 1600 ὁ
1261 1564 1568 1613 κατεγνωσμένος
1594 1562 1695 1600 ἐκπε-

235 1627 575 1676 φυλλοφορημένος.
615 1625 821 1674 ὠνομάζετο
857 1625 893 1662 δέ
926 1625 1062 1662 ταύτὸν
1095 1629 1203 1662 τοῦτο
1241 1626 1265 1660 ἀ
1279 1640 1305 1660 π
1318 1625 1375 1672 οψ
1389 1632 1442 1675 ηφ
1456 1624 1469 1660 ι’
1483 1641 1506 1661 o·
1518 1641 1542 1661 α
1557 1624 1615 1661 σθ
1627 1641 1651 1661 α
1665 1641 1691 1668 ι,

235 1687 295 1722 καὶ
313 1687 632 1737 ἀπεψηφισμένον,
654 1688 887 1728 ἀπεναντίως
916 1687 956 1724 τὸ
984 1686 1130 1734 (malim
1160 1687 1225 1737 τῷ)
1253 1687 1353 1735 παρὰ
1380 1690 1463 1738 τοῖς.
1485 1684 1691 1728 δικασταῖς.

233 1748 305 1783 ἐκεῖ
320 1751 393 1798 γὰρ
413 1747 453 1785 τὸ
473 1747 790 1798 ἀποψηφίσασθαι
810 1748 850 1785 τὸ
871 1749 894 1784 ἀ
909 1756 958 1799 φε
971 1752 986 1783 ἶ
1000 1764 1078 1784 ναι
1099 1748 1218 1784 ἐστίν·
1234 1747 1273 1784 ἐν
1293 1745 1329 1783 δὲ
1349 1751 1426 1788 τοῖς
1447 1749 1540 1783 κατὰ
1556 1746 1692 1796 δήμους

232 1798 502 1859 δικαστηρίοις,
528 1811 614 1847 ἀντὶ
647 1817 725 1855 τοῦ,
754 1807 1202 1861 καταψηφίσασθαι
1232 1808 1415 1845 τάττεται.
1472 1807 1612 1844 Pollux
1645 1808 1689 1845 L.

231 1870 342 1907 VIII.
365 1871 409 1907 C.
432 1870 479 1908 V.
508 1875 535 1918 ξ.
556 1874 621 1907 18.
678 1870 788 1907 Κατὰ
811 1869 847 1906 δὲ
868 1877 941 1907 τῶν
962 1870 1373 1920 παρεγγεγραμμένων,
1400 1871 1523 1921 ξενίας
1550 1871 1689 1920 γραφὴ,

229 1933 289 1968 καὶ
318 1932 543 1981 δωροξενίας,
571 1932 618 1968 ἂν
645 1930 878 1982 διαφθείρωσι
912 1930 995 1974 τούς
1028 1927 1255 1975 δικάζοντας.
1286 1931 1304 1967 ὁ
1329 1929 1366 1967 δὲ
1393 1928 1689 1976 καταδικασθεὶς,

230 1995 255 2030 ἀ
269 2010 296 2030 π
309 2009 324 2030 ε
338 1994 395 2043 ψη
409 2002 432 2046 φ
446 2011 457 2030 ι
473 2010 495 2031 σ
507 2010 533 2044 μ
548 1997 565 2030 ἑ
579 2010 599 2030 ν
611 2009 629 2030 ο
641 2010 671 2038 ς,
702 1993 1131 2045 ε’κπεφυλλοφορημένος.
1161 1995 1221 2029 καὶ
1241 1995 1285 2029 τὰ
1302 1993 1449 2044 ῥήματα
1470 2008 1692 2043 παρεγγρα-

229 2062 354 2106 φῆναι,
374 2058 494 2100 Ξενίας
514 2056 673 2100 ἁλῶναι,
694 2055 816 2100 ξενίας
836 2056 1061 2105 ἀποφυγεῖν,
1082 2054 1483 2113 ἐκπεφυλλοφορῆσθαι,
1511 2054 1690 2105 ἀποψη-

231 2119 496 2167 φίσασθαι.
553 2116 658 2153 Idem
683 2116 724 2152 L.
748 2116 823 2153 III.
846 2116 892 2153 C.
915 2115 983 2152 IV.
1004 2119 1034 2162 ξ.
1052 2119 1116 2154 57.
1147 2115 1575 2165 ἀποψηφίζονται,
1606 2116 1689 2152 α’ντὶ

232 2183 294 2214 τοῦ
324 2177 627 2221 καταδικάζουσιν
659 2178 773 2214 αὐτὸν
802 2180 854 2228 μὴ
883 2175 979 2215 εἶναι
1010 2179 1181 2227 πολίτην.
1213 2176 1419 2227 Δείναρχος
1448 2177 1491 2213 ἐν
1522 2179 1570 2226 τῷ
1599 2179 1690 2214 κατὰ

231 2238 519 2290 Ἀρχεστράτου,
540 2240 599 2276 καὶ
625 2240 818 2291 α’ποψήφ
832 2255 927 2277 ισιν
957 2237 993 2276 δὲ
1014 2238 1054 2276 τὸ
1074 2243 1233 2288 πρᾶγμα
1259 2239 1362 2285 λέγει
1382 2236 1620 2288 Δημοσθένης
1647 2238 1687 2275 ἐν·

226 2302 273 2351 τῇ
293 2300 383 2350 πρὸς
401 2299 638 2347 Εὐβουλίδην
656 2300 784 2351 ἐφέσει.
818 2300 1013 2348 Harpocr.
1037 2299 1075 2336 in
1096 2312 1131 2336 V.
1170 2299 1217 2336 Εἴ
1240 2315 1295 2341 τις
1315 2299 1415 2344 ξένος
1439 2297 1558 2344 ἔδοξεν
1576 2297 1685 2352 εἶναι,

224 2363 289 2398 καὶ
318 2364 359 2398 οὒ
387 2364 555 2407 πολίτης,
576 2366 706 2399 τοῦτον
734 2362 775 2398 ἐν
804 2366 887 2403 ταῖς
917 2361 1158 2412 διαψηφίσεσι
1185 2367 1258 2397 τῶν
1282 2359 1406 2410 δήμων
1435 2360 1686 2411 α’πεψηφί-

182 2416 185 2418 A
228 2424 276 2466 ζο
290 2439 310 2460 ν
322 2439 372 2460 το
401 2422 435 2459 οἱ
462 2421 632 2469 δημόται,
659 2425 718 2459 καὶ
749 2424 904 2470 ἐλέγετο
934 2423 959 2459 α’
972 2438 1001 2459 π
1015 2438 1030 2458 ε
1045 2423 1073 2471 ψ
1086 2439 1106 2468 η
1119 2430 1143 2473 φ
1158 2439 1168 2458 ι
1184 2423 1273 2472 σμέ
1287 2437 1306 2458 ν
1319 2437 1337 2457 o
1352 2438 1383 2463 ς.
1411 2420 1491 2458 εἶτα
1517 2423 1685 2474 εἰσήγετο

226 2488 280 2526 εἰς
308 2485 348 2521 τὸ
377 2483 623 2532 δικαστήριον,
644 2487 703 2520 καὶ
717 2485 883 2534 ,ἐκρίνετο
904 2487 1036 2529 ξενίας,
1067 2485 1125 2519 καὶ
1151 2484 1181 2519 εί
1209 2483 1280 2532 μὲν
1308 2481 1421 2531 ἑάλω,
1445 2482 1685 2534 ἐπιπράσκετο

219 2548 275 2588 ,ὡς
293 2549 407 2591 ξένος·
429 2549 460 2583 εἰ
484 2543 519 2580 δὲ
548 2546 700 2595 ἐκράτει,
723 2544 1012 2595 ςίνελαμβάνετο
1041 2547 1095 2586 εἰς
1124 2546 1192 2589 τὴν
1220 2546 1426 2582 πολιτείαν.
1447 2542 1540 2581 οὕτω
1560 2543 1680 2595 Δημο-

229 2609 373 2652 σθένης.
429 2606 570 2644 Suidas
590 2620 624 2642 V.
644 2605 995 2658 Ἀποψηφισὲέντα.
1051 2605 1135 2643 Ἐπὶ
1164 2611 1243 2648 τοῖς
1273 2604 1400 2656 δήμοις
1432 2605 1682 2655 ἀποψηφίσεις

218 2668 400 2716 ἐγένοντο
426 2675 498 2706 τῶν
520 2674 793 2718 γεγραμμένων
812 2667 881 2718 μὲν
907 2669 960 2711 εἷς
986 2670 1026 2705 τὸ
1056 2665 1293 2718 ληξιαρχικὸν
1324 2670 1592 2717 γραμματεῖον,
1621 2668 1683 2703 οὐκ

224 2729 343 2767 ὄντων
363 2730 402 2766 δὲ
420 2731 558 2775 οἰστῶν,
577 2730 679 2765 α’λλὰ
702 2731 1098 2780 παρεγγεγραμμένων
1117 2731 1172 2772 εἷς
1191 2734 1258 2773 τὴν
1278 2731 1483 2765 πολιτείαν
1505 2730 1563 2763 καὶ
1587 2726 1683 2765 οὗτοι

225 2792 399 2838 ἐλέγοντο
427 2793 452 2828 α’
463 2807 490 2828 π
501 2807 516 2828 ε
530 2791 559 2839 ψ
572 2807 592 2836 η
607 2798 631 2841 φ
645 2807 655 2826 ι
671 2807 693 2827 σ
706 2808 734 2841 μ
745 2793 762 2828 έ
779 2809 798 2829 ν
811 2808 830 2828 o
844 2808 870 2836 ι,
900 2791 1038 2838 ἐπειδὴ,
1062 2791 1184 2842 ψήφου
1205 2791 1284 2840 περὶ
1304 2791 1417 2834 αὐτῆς
1436 2788 1681 2839 ἐπαχθείσης,

221 2855 337 2890 οὐκέτι
357 2859 532 2904 μετεῖχον
556 2862 620 2899 τῆς
645 2855 850 2895 πολιτείας.
907 2853 1018 2890 Idem
1037 2852 1075 2889 in
1095 2850 1396 2902 Ἀπεψηφίσατο.
1453 2850 1504 2888 Οἱ
1532 2854 1683 2889 πολῖται

226 2917 398 2952 συνίασιν
425 2914 574 2952 ἕκαστοι
602 2916 695 2951 κατὰ
723 2914 809 2955 τοὺς
838 2915 975 2964 αὐτῶν,
1004 2914 1063 2950 καὶ
1090 2912 1170 2961 περὶ
1199 2917 1273 2949 τῶν
1302 2913 1429 2948 αἰτίαν
1456 2911 1634 2962 ἑχόντων,
1661 2914 1683 2957 ἣ
