1915 3322
648 478 689 527 Ι,
744 477 1208 529 'PAYLORI

737 617 1128 659 PRAEFATIO

906 743 950 762 An

529 839 593 904 D
608 840 666 905 E
680 839 756 905 Μ
774 840 834 905 O
855 840 898 905 S
912 839 971 904 T
992 840 1053 905 H
1076 839 1134 904 E
1152 838 1220 905 N
1243 839 1335 904 IS

343 989 816 1027 APPELLATIONEM
849 989 1138 1027 ADVERSUS
1170 989 1515 1028 EUBULIDEM.

203 1109 314 1154 LEX,
354 1121 442 1158 quae
482 1108 520 1146 in
548 1110 791 1159 Argumento
827 1110 986 1157 citatur,
1023 1108 1116 1146 satis
1157 1108 1326 1146 fideliter
1361 1122 1431 1146 nos
1471 1109 1580 1147 ducit
1613 1110 1662 1148 ad

204 1177 370 1208 mentem
397 1170 507 1208 istius
540 1170 740 1208 Orationis
772 1170 1072 1221 intelligendam.
1131 1170 1343 1207 Euxitheus
1373 1169 1532 1220 quidam
1565 1169 1665 1208 dolis

203 1232 421 1277 Eubulidis,
441 1232 652 1270 adversarii
674 1235 772 1283 ejus,
793 1240 833 1270 et
854 1234 962 1270 malis
983 1233 1132 1271 artibus
1160 1233 1462 1278 circumventus,
1494 1234 1665 1283 peregri-

201 1293 333 1330 nitatis
348 1294 551 1331 damnatur
569 1306 591 1330 a
613 1294 689 1331 suis
710 1294 986 1344 popularibus3
1018 1300 1057 1331 et
1077 1293 1239 1344 proinde
1259 1306 1397 1331 nomen
1415 1294 1500 1342 ejus
1518 1307 1538 1331 e
1552 1295 1665 1332 tabu—

202 1354 248 1391 lis
264 1354 374 1392 istius
392 1355 529 1404 populi
547 1355 739 1402 (Alimusii
759 1362 886 1401 erant)
905 1356 1091 1393 deletum,
1148 1356 1291 1392 Verum
1313 1369 1399 1392 curn
1422 1356 1502 1392 Lex
1524 1369 1664 1406 provo-

199 1415 395 1453 cationem
414 1416 463 1452 ad
484 1415 642 1452 Curiam
658 1428 678 1452 a
703 1416 840 1465 Populi
861 1417 1052 1453 sententia
1070 1416 1151 1453 fieri
1169 1417 1432 1465 permittebat.
1448 1417 1530 1465 jam
1550 1430 1665 1454 causa

200 1477 306 1527 apud
334 1476 491 1527 judices
520 1483 708 1526 perorata,
742 1483 884 1513 statum
919 1489 1030 1513 suum
1064 1476 1255 1521 defendit,
1285 1477 1408 1515 fretus
1441 1479 1663 1515 testimonio

201 1545 411 1586 συγγενῶν,
446 1538 724 1589 cognatorum,
757 1537 941 1586 δημοτῶν,
972 1536 1251 1587 Popularium,
1273 1540 1476 1589 φρατόρων,
1499 1539 1667 1576 (Ϊιῑνίαἶί-

201 1612 279 1644 nm,
301 1605 341 1637 et
369 1605 548 1647 γενητῶν,
569 1599 647 1636 sive
678 1598 908 1637 Gentilium.
965 1598 1070 1636 Utile
1097 1598 1168 1635 erit
1189 1598 1367 1636 conferre
1390 1599 1549 1637 Herald.
1571 1600 1666 1636 Ani-

201 1660 328 1699 madV.
362 1661 405 1698 L.
428 1661 479 1698 ΙΙ.
512 1660 557 1698 C.
581 1661 612 1698 Ι.
641 1667 679 1697 et
708 1660 824 1697 Petit.
847 1660 895 1696 ad
921 1660 996 1697 LL.
1018 1660 1138 1697 Attic.
1163 1659 1250 1697 Lib.
1274 1660 1325 1697 II.
1357 1660 1434 1697 Tit.
1456 1660 1530 1697 Ill.
1563 1661 1664 1711 Lege

202 1721 298 1759 XII.
1401 1739 1404 1741 >

256 1785 302 1821 In
337 1783 504 1834 quodam
536 1784 742 1833 exemplari
774 1798 860 1822 meo
888 1790 1115 1822 annotatum
1143 1783 1282 1830 inveni,
1305 1783 1405 1822 hanc
1435 1784 1661 1822 Orationem

202 1859 280 1883 non
301 1845 422 1883 videri
439 1859 460 1883 a
483 1845 748 1883 Demosthene
770 1859 854 1883 esse
878 1845 1094 1896 profectam
1113 1858 1123 1888 ;
1153 1851 1233 1882 tum
1268 1845 1360 1894 quia
1387 1846 1663 1897 ἀποψηφίζε-

204 1909 306 1944 σθαι
338 1907 401 1944 hic
424 1907 654 1958 saepiuscule
677 1907 714 1944 in
736 1920 848 1945 sensu
870 1906 1175 1954 condemnandi,
1200 1907 1305 1956 quod
1328 1907 1482 1944 videtur
1501 1921 1584 1944 esse
1607 1907 1662 1944 in-

204 1968 407 2013 solentius,
431 1975 636 2011 occurrat;
667 1976 747 2006 tum
770 1969 873 2019 quod
897 1983 943 2006 ex
967 1968 1200 2018 quibusdam
1222 1968 1376 2005 indiciis
1392 1975 1556 2014 constet,
1580 1969 1662 2005 haec

205 2031 444 2080 temporibus
473 2045 556 2069 esse
584 2031 799 2081 superiora,
821 2044 937 2081 quam
969 2037 1009 2068 ut
1035 2030 1084 2067 ad
1108 2030 1381 2067 Demosthenis
1402 2037 1552 2068 aetatem
1574 2044 1661 2081 per—

202 2091 350 2141 tingere
372 2092 581 2141 potuerint.
638 2092 705 2129 Ait
725 2093 824 2129 enim
848 2092 1073 2136 Euxitheus,
1097 2098 1246 2141 patrem
1277 2105 1385 2129 suum
1416 2100 1549 2129 natum
1581 2106 1663 2131 esse

204 2159 294 2190 ante
317 2153 532 2198 Euclidem,
555 2154 714 2203 Olymp.
738 2154 881 2192 XCIV.
903 2158 939 2191 2.
961 2154 1077 2190 immo
1099 2153 1296 2203 captivum
1318 2153 1438 2191 fuisse
1460 2153 1562 2191 bello
1584 2155 1661 2192 De-

204 2215 340 2260 celico,
362 2215 522 2266 Olymp-
543 2216 650 2252 XCI.
671 2219 708 2254 4.
769 2216 886 2253 Porro
909 2229 948 2253 se
970 2216 1093 2266 ipsum
1116 2222 1246 2252 natum
1269 2229 1352 2253 esse
1372 2222 1663 2260 commemorat,

203 2289 294 2315 cum
324 2277 592 2327 Thrasybulus
625 2277 674 2314 ab
708 2277 891 2328 Abydum
927 2277 1158 2314 militaverit.
1216 2277 1314 2314 Illud
1346 2283 1475 2314 autem
1500 2277 1665 2327 contigit

202 2339 306 2376 circa
322 2339 485 2389 Olymp.
507 2339 671 2376 XCVII.
729 2339 882 2376 Deinde
905 2345 1063 2376 matrem
1082 2337 1167 2387 ejus
1188 2351 1270 2376 esse
1295 2338 1554 2387 superstitem,
1575 2352 1662 2376 cum

205 2399 292 2437 haec
312 2412 429 2438 causa
449 2400 673 2450 agitaretur,
695 2400 913 2449 multosque
934 2400 1033 2437 adeo
1052 2399 1271 2446 familiares,
1294 2401 1361 2450 qui
1389 2399 1490 2437 illius
1521 2401 1665 2450 nuptiis

205 2461 479 2500 interfuerant.

260 2524 351 2561 Non
373 2530 595 2562 constanter
613 2525 778 2576 negabo,
801 2524 973 2574 potuisse
995 2524 1096 2561 hunc
1118 2537 1203 2561 esse
1229 2523 1364 2562 foetum
1386 2524 1564 2572 rhetoris,
1601 2523 1665 2572 qui

208 2586 473 2623 Demosthene
495 2586 617 2635 major
636 2593 736 2624 esset
760 2592 868 2630 natu;
909 2585 1036 2636 Lysiae
1059 2586 1249 2630 nimirum,
1271 2598 1292 2623 a
1313 2585 1425 2635 cujus
1441 2586 1665 2623 charactere

207 2654 247 2684 et
265 2660 407 2697 genere
427 2647 611 2685 orationis
633 2660 710 2684 non
731 2647 923 2684 abludunt
943 2647 1074 2684 niultae
1093 2659 1221 2684 causae
1237 2646 1423 2691 forenses,
1442 2659 1529 2695 quae
1553 2645 1666 2682 hodie

208 2709 246 2745 in
274 2722 439 2760 corpore
468 2709 777 2748 Demosthenico
802 2709 1060 2758 reperiuntur,
1086 2715 1125 2746 et
1146 2709 1371 2746 nominatim
1396 2709 1477 2745 haec
1498 2708 1581 2757 ipsa
1600 2707 1666 2743 ad-

211 2782 342 2807 versus
368 2771 612 2818 Eubulidem,
640 2778 758 2821 prout
784 2784 804 2807 a
833 2784 983 2808 summo
1004 2770 1150 2808 Critico
1172 2770 1366 2808 memoriae
1388 2769 1588 2818 proditur:
1622 2769 1664 2805 Et

212 2835 305 2877 ’γοῦν
327 2834 376 2881 μὴ
402 2831 460 2869 διὰ
483 2840 547 2878 τῆς
576 2833 800 2884 ἐπιγραφῆς,
820 2830 964 2875 οὗτινός
982 2833 1095 2878 ἐστιν,
1116 2832 1280 2878 ἑκάτερος
1298 2837 1370 2867 τῶν
1390 2831 1516 2877 λόγων
1537 2831 1668 2878 ’γνώρι-

206 2908 277 2942 μος
306 2891 364 2937 ἦν,
388 2895 473 2930 ἀλλ’
499 2895 769 2945 ἀνεπιγράφοις
800 2895 1063 2945 περιετύχομεν
1091 2897 1230 2937 αὐτοῖς,
1252 2895 1293 2929 οὺ
1314 2890 1476 2931 πολλοὺς
1498 2890 1547 2928 (ἲν
1566 2894 1667 2941 ἡμῶν
