1915 3338
240 185 352 239 364
568 202 601 244 1.
632 203 893 247 TAYLom
928 206 1247 249 PRAEFA‘sto
1281 212 1361 251 &a

242 310 351 353 Quos
378 309 615 350 nominasset
643 313 800 360 utinam,
821 320 862 352 ut
882 327 952 352 uos
973 327 1131 365 quoque
1153 328 1387 366 saperemus,
1408 328 1540 353 eorum
1562 320 1699 353 aucto-

241 371 354 408 ritate
374 373 563 421 permoti!

298 434 365 470 Me
385 433 564 484 profecto
585 448 660 472 non
689 436 810 485 pudet
837 436 978 481 dicere,
1000 450 1098 486 opus
1119 450 1203 474 esse
1226 437 1531 487 putidissimum,
1561 437 1702 475 nullius

242 500 308 532 aut
328 494 495 540 decoris,
517 502 583 533 aut
602 497 824 546 gravitatis:
856 503 895 534 et
914 505 1058 548 praeter
1078 511 1209 536 naevos
1230 499 1429 545 orationis,
1453 499 1596 549 quibus
1617 511 1703 549 pas-

242 555 312 593 sim
334 564 473 603 scatet,
491 557 584 594 nihil
604 557 656 594 ibi
680 558 843 603 dictum,
861 559 969 608 quod
993 560 1194 596 Lectorem
1209 561 1434 610 percellere,
1451 566 1517 598 aut
1531 560 1701 604 allicere,

242 624 310 655 aut
332 619 472 656 morari
492 619 645 655 demum
668 626 811 668 potest.
870 620 938 657 Est
960 626 1087 657 autem
1109 619 1247 658 Oratio
1268 621 1359 659 satis
1388 621 1565 671 antiqua,
1588 627 1627 659 et
1647 621 1703 658 vi-

242 679 356 716 detur
375 680 422 716 ad
445 693 554 717 usum
577 679 766 718 forensem
798 680 914 719 fuisse
945 683 1182 731 conscripta,
1203 695 1279 719 non
1309 683 1356 720 ad
1388 683 1702 727 ostentationem,

242 746 308 778 aut
329 742 377 778 ad
395 741 647 779 imitationem
667 743 913 781 concinnata.
966 744 1113 781 Passim
1135 745 1236 781 inter
1255 745 1521 783 annotandum
1542 744 1705 795 suspici-

242 802 381 840 onibus
403 803 498 840 meis
521 804 795 842 auctoritatem
821 804 967 842 addidi.
1027 805 1123 842 Inde
1144 805 1270 843 lector
1291 819 1398 844 meus
1421 805 1619 854 judicium
1640 818 1705 843 ca-

240 878 332 914 pere
362 866 516 916 poterit,
540 865 696 915 jurene,
726 881 774 906 an
805 866 946 916 injuria
974 880 1099 918 agam,
1125 881 1212 905 cum
1244 868 1329 905 haec
1359 867 1486 906 futilia
1515 879 1593 906 non
1621 880 1702 904 am-

240 927 405 976 plectar.

293 989 474 1027 Adhaesit
495 990 584 1027 olim
608 991 938 1036 Demosthenicis,
961 990 1041 1027 sive
1063 989 1171 1040 quod
1199 990 1261 1027 hic
1289 990 1470 1041 (strictim
1497 991 1604 1038 licet)
1625 1003 1706 1028 me-

242 1058 413 1088 moretur
434 1051 482 1088 de
507 1053 688 1102 pecuniis
709 1052 981 1098 theatralibus,
1001 1052 1038 1088 in
1061 1065 1137 1101 qua
1167 1064 1284 1089 causa
1315 1058 1463 1089 tantum
1489 1051 1709 1102 praecelluit

241 1113 552 1158 Deniosthenes;
591 1115 668 1150 sive
700 1113 806 1162 quod
837 1113 938 1150 infra
968 1113 1201 1164 Phrynionis
1232 1112 1437 1162 cujusdam
1469 1126 1527 1151 res
1557 1120 1709 1163 agatur,

242 1187 356 1223 quem
380 1175 537 1212 Oratori
560 1182 695 1212 nostro
713 1176 830 1212 domo
851 1182 889 1212 et
909 1175 1051 1212 familia
1076 1175 1331 1224 conjunctum
1363 1174 1482 1212 fuisse
1513 1175 1707 1224 suspicor3

241 1227 512 1284 sive'denique
529 1236 634 1285 quod
657 1235 937 1273 Demosthenis
950 1235 1155 1284 (uostrine,
1176 1249 1224 1273 an
1245 1236 1416 1282 alterius,
1432 1249 1570 1286 parum
1593 1236 1710 1274 inter-

241 1299 315 1344 est)
336 1297 599 1334 testimonium
623 1299 724 1335 infra
746 1298 980 1336 adducatur.
1019 1298 1146 1342 Quam
1172 1297 1516 1343 necessitudinem,
1538 1297 1711 1335 tenuissi-

241 1370 342 1395 mam
363 1358 466 1404 licet,
489 1359 728 1408 superiorem
761 1360 867 1396 illam
898 1360 1111 1397 orationem
1130 1373 1166 1396 c.
1190 1359 1464 1407 Theocrinem,
1483 1360 1623 1397 nostris
1643 1359 1711 1397 ad·

234 1417 413 1467 junxisse
433 1420 612 1461 arbitror.
670 1420 840 1466 Norunt,
863 1420 929 1470 qui
951 1420 1069 1457 hasce
1090 1434 1150 1457 res
1175 1427 1357 1465 tractant,
1381 1434 1498 1470 quam
1519 1421 1593 1458 levi
1616 1434 1710 1459 con-

242 1481 449 1519 suetudine
464 1481 637 1519 devincti
655 1482 876 1532 Scriptores
896 1481 1037 1520 vetusti
1053 1482 1293 1532 quandoque
1310 1482 1422 1519 simul
1436 1482 1708 1532 conglutinari,

241 1549 281 1580 et
302 1543 375 1580 sibi
396 1543 559 1581 invicem
582 1543 784 1581 adhaerere
805 1551 1065 1581 consuescant
1083 1559 1091 1588 ;
1125 1557 1291 1594 quorum
1314 1557 1428 1591 unus,
1449 1544 1707 1594 qui'excellit‚

241 1611 471 1642 caeterorum
487 1619 564 1643 non
583 1606 706 1643 solum
720 1605 863 1644 famam
879 1611 918 1643 et
936 1605 1273 1652 existimationem,
1287 1618 1421 1643 verum
1435 1605 1551 1644 etiam
1569 1619 1707 1643 nomen

240 1680 485 1717 praegravare
508 1668 617 1706 solet.

294 1728 431 1766 Videri
462 1736 591 1779 potest
622 1729 818 1766 nonnullis
849 1735 916 1767 aut
946 1729 1133 1766 lacunosa
1163 1742 1260 1774 esse,
1291 1733 1357 1766 aut
1386 1727 1542 1766 diversa
1571 1727 1620 1764 ab
1647 1742 1706 1775 ea,

241 1803 357 1840 quam
377 1798 577 1828 versarunt
603 1790 769 1840 antiqui,
796 1804 885 1828 cum
914 1791 1077 1840 legerint
1104 1791 1177 1827 ista
1198 1790 1470 1841 Hermogenis,
1492 1790 1597 1829 Edit.
1620 1792 1704 1830 Cri-

242 1853 342 1903 spin.
358 1865 396 1902 p.
415 1856 506 1890 318.
524 1855 691 1890 τοιοῦτόν
706 1852 783 1889 ἐστι
806 1854 865 1889 καὶ
885 1853 924 1890 τὸ
945 1853 985 1890 ἐν
1007 1856 1053 1904 τῷ
1070 1855 1164 1890 κατὰ
1181 1851 1347 1902 Νεαίρας
1362 1850 1620 1904 ω’βελισμένον
1635 1855 1706 1892 ὑπό

241 1931 366 1960 τινων,
384 1914 425 1952 τὸ
447 1915 521 1952 α’πὸ
542 1921 651 1964 τριῶν
669 1915 913 1966 τρυπημίιτων
929 1917 995 1959 τὴν
1014 1915 1202 1965 ἐργασίαν
1221 1917 1442 1960 πεποιῆσθαι
1458 1922 1533 1953 etc.
1565 1915 1706 1954 deinde

241 1979 316 2015 ista
348 1978 476 2028 Etynl.
500 1978 559 2015 M.
583 1981 675 2016 325.
698 1981 761 2015 18.
793 1978 872 2023 ἐξῆν
893 1980 1017 2028 μέντοι
1046 1979 1085 2015 ἐν
1115 1982 1162 2029 τῷ
1189 1977 1407 2029 δικαστηρίῳ
1433 1978 1707 2029 καταδέχεσθαι

240 2038 325 2082 τοὺς
345 2040 748 2091 ἐκψυλλοφορηθέντας,
767 2043 815 2082 ὡς
834 2041 892 2076 καὶ
907 2039 1150 2090 Δημοσθένης
1166 2041 1276 2092 φησὶν
1290 2040 1330 2077 ἐν
1346 2042 1394 2092 τῷ
1415 2043 1508 2077 κατά
1523 2039 1706 2092 Νεαίρας.

242 2102 426 2152 Adjunge
455 2102 614 2139 Suidam
646 2101 683 2138 in
707 2115 740 2139 v.
761 2102 1122 2154 Έκφυλλοφορῆσαι.
1186 2102 1290 2139 Nam
1311 2101 1360 2138 de
1382 2101 1427 2139 iis
1456 2102 1494 2139 in
1516 2102 1589 2140 hac
1611 2104 1708 2141 Ora-

242 2164 360 2209 tione,
374 2169 493 2213 prout
514 2163 630 2200 hodie
646 2163 823 2201 scribunt
843 2164 1093 2208 membranae,
1109 2163 1203 2200 nihil
1225 2176 1396 2214 prorsus.
1429 2164 1559 2202 Locus
1577 2171 1706 2204 tamen

242 2225 313 2262 iste
335 2224 593 2275 Hermogenis
615 2226 689 2262 erit
709 2225 805 2262 infra
827 2238 850 2262 a
871 2238 931 2262 me
949 2225 1242 2275 expendendus.

298 2286 477 2324 Viderint
498 2286 720 2332 otiosiores,
743 2299 790 2324 an
822 2286 870 2324 ad
902 2287 1002 2324 hanc
1024 2286 1255 2324 Bellatulam
1276 2286 1471 2336 pertineat
1492 2286 1706 2338 Inscriptio

243 2347 418 2386 adducta
439 2362 460 2385 a
482 2349 598 2387 Laur.
622 2348 817 2400 pignorio,
840 2348 1017 2398 Symbol.
1038 2347 1239 2398 Epistolic.
1261 2351 1325 2386 25.
1357 2361 1444 2398 pag.
1466 2351 1530 2387 93.
1562 2354 1603 2386 et
1623 2348 1706 2386 Rei-

243 2423 325 2448 nes.
348 2411 379 2449 Ι.
403 2414 492 2450 126.

862 2477 1088 2501 ΕΛΕΥΘΕΡΙΑΣ

716 2528 933 2552 ΧΑΡΙΣΤΗΡῘΑ
956 2527 1019 2551 ΤΗΙ
1041 2526 1193 2552 ΝΕΜΕΣΕῙ

717 2578 1014 2602 ΡΑΜΝΟΎΝΤΟΘΕΝ
1035 2577 1164 2601 NEAIPA

719 2629 880 2653 ΑΘΗΝΑΙΑ
900 2628 1226 2654 ΧΑΡΙΤΟΒΛΕΦΑΡΟΣ

858 2679 1054 2705 ΑΝΕΘΗΚΕΝ.

1387 2717 1597 2757 TAYLoR.
