1915 3338
236 166 348 214 304
577 176 610 217 Ι.
642 176 903 218 TAYLORI
940 176 1257 217 PRAEFATIO
1289 180 1371 219 &c-

234 264 407 314 jusmodi
437 277 506 314 per
532 265 630 303 hanc
657 267 868 304 orationem
904 265 1067 316 plurima
1097 273 1200 311 sunt,
1223 266 1259 302 in
1289 267 1576 316 exemplaribus
1605 280 1693 305 cor-

236 333 408 375 ruptum,
426 326 539 363 hodie
559 327 769 376 depravate
788 340 857 379 pro
875 326 1011 377 Πάριος
1030 327 1189 376 legatur,
1211 326 1352 364 senties
1373 327 1425 371 id,
1448 328 1552 377 quod
1575 328 1692 365 modo

239 387 332 432 dixi,
364 387 554 424 defecisse
582 388 725 426 alicubi
762 388 972 425 orationem
1003 397 1186 425 nostram.
1246 388 1488 426 Potissimum
1520 403 1625 434 vero,
1662 389 1692 426 si

237 449 462 498 adjunxeris
494 449 730 486 Priscianum
768 451 851 487 Lib.
883 450 1033 487 XViII.
1059 450 1132 487 col.
1154 454 1272 487 1199.
1303 449 1426 487 Attici
1458 450 1571 487 πλείω
1604 452 1693 500 ὴμέ-

237 527 306 561 ρας
327 516 435 559 τρεῖς,
456 513 514 547 καὶ
533 512 646 547 πλείω
673 513 814 561 ἡμερῶν
843 510 1285 561 τριῶν.-Δημοσὲένης
1312 524 1471 560 quoque
1502 511 1592 562 πρὸς
1620 512 1693 548 Εὗ-

238 571 431 619 βουλίὸην,
455 572 655 622 Ἐφομείψη
676 574 826 614 πλείους
848 571 926 608 ἕνα.
984 572 1083 614 Quae
1107 573 1262 621 quiden}
1286 579 1480 622 postrema
1497 573 1627 617 verba,
1647 586 1694 609 ex

240 632 456 670 Eubulidea
490 631 660 668 adducta
694 645 716 668 a
750 632 925 682 principe
953 631 1018 668 illo
1048 632 1413 678 Grammaticorum,
1451 646 1692 682 quanquam,

239 708 328 731 cum
350 694 425 731 sint
446 693 751 738 mendosissima,
773 693 834 730 isti
854 693 920 738 rei,
942 706 1056 742 quam
1078 693 1172 738 dixi,
1194 694 1255 730 vix
1285 700 1447 743 possunt
1475 707 1559 731 esse
1579 707 1692 744 argu-

240 763 383 799 mento,
413 761 582 792 attamen
605 768 687 792 eam
710 754 1053 798 constructionem,
1084 767 1170 804 quae
1201 754 1238 790 in
1268 754 1334 790 illo
1363 755 1451 792 loco
1490 761 1692 799 tractatur,

238 821 389 859 πλείους
420 818 502 864 ἕνα,
533 829 600 865 per
628 823 748 853 totam
784 816 884 853 hanc
914 817 1142 860 orationem,
1165 821 1309 865 quanta
1340 821 1484 865 quanta
1511 817 1692 865 supersit,

240 878 396 928 reperiri
430 877 544 915 hodie
576 891 651 914 non
684 890 796 927 posse
829 877 1039 914 contendo.
1097 877 1197 913 Mihi
1230 875 1387 926 quidem
1412 876 1502 913 satis
1523 883 1691 922 constat,

240 940 368 976 locum
388 939 574 977 Prisciani
601 939 652 976 ita
672 953 755 976 esse
784 938 1090 976 emendandum:
1120 937 1360 989 Δημοσθένης
1386 938 1477 988 πρὸς
1502 936 1692 985 Εὐβουλί-

242 1001 488 1052 ἕηνέφέσει,
522 1000 601 1052 ἔφη
630 1002 784 1043 πλείους
805 1000 883 1039 ἕνα.
941 1001 1073 1049 Atque
1096 999 1180 1036 haec
1203 999 1405 1037 hactenus.
1433 999 1647 1036 TAYLOR.
