1915 3322
451 164 536 204 AD
569 162 665 204 ΟΒ.
698 158 1017 202 ADVERSUS
1050 156 1432 198 EUBULIDEM.
1549 145 1657 193 303

202 257 603 307 παρεγγεγραμμένων
632 255 683 295 εἷς
712 254 778 296 τὴν
807 253 1015 294 πολιτείαν,
1047 249 1169 298 ψῆφον
1198 250 1348 297 φέρουσι
1382 245 1554 295 κρύβέην,
1579 243 1657 283 οἷον

202 318 403 370 Ἀχαρνεῖς
423 317 503 365 περὶ
521 315 756 367 Ἀχαρνέων,
788 312 846 347 καὶ
867 311 946 360 περὶ
965 309 1205 346 Ἐλευσινίων
1225 307 1258 344 οἱ
1276 307 1511 351 Ἐλευσίνιοι,
1538 307 1597 343 καὶ
1622 308 1656 343 οἱ

202 380 323 416 λοιποὶ
344 377 497 428 δημόται
516 373 799 424 παραπλησίως.
830 374 888 408 καὶ
909 375 1014 408 τοῦτο
1038 369 1312 420 διαψήφισις
1333 370 1513 404 καλεῖται.
1534 369 1567 404 οἱ
1586 369 1657 417 μὲν

201 437 266 478 οὖν
279 439 462 476 πλειόνων
477 438 606 486 ψήφων
623 434 874 485 τυγχάνοντες
895 429 1240 482 ἀναμφισβητήτως
1260 431 1326 473 Τὴν
1340 431 1533 466 πολῑῒέἶαν
1548 428 1656 479 ’έχον-

203 514 276 539 σιν·
297 501 377 538 ὅσοι
398 499 426 536 δ’
442 500 489 536 ἂν
505 498 708 540 ἐλάττονας
730 497 874 547 ψήφους
893 493 1079 541 λάβωσιν,
1093 495 1210 531 οὐκέτι
1232 494 1459 543 νομίζονται.
1475 494 1534 528 καὶ
1554 496 1658 530 τοῦτό

201 563 303 600 ἔστιν
324 565 344 607 ἡ
372 563 465 597 α’πο
479 561 507 609 ψ
521 561 542 604 ή
556 568 580 611 φ
596 576 606 595 ι
621 575 643 595 σ
658 575 668 594 ι
683 575 712 600 ς.
758 558 868 594 Idem
889 557 926 593 in
953 555 1194 606 Διιιψήφισις.
1222 554 1394 602 Ἐγένετο
1415 553 1450 590 δὲ
1473 553 1657 604 [’Έφεσις]

202 625 404 677 Ἀθήνῃσιν
421 622 481 658 ἐπὶ
502 627 573 658 τῶν
592 621 631 657 ἐν
651 624 727 662 τοῖς
747 620 874 669 δήμοις
905 620 929 654 α’
941 634 966 653 π
980 617 1036 664 orla
1049 625 1103 667 ηφ
1116 634 1126 652 ι
1142 618 1220 653 σθέ
1235 631 1317 652 ντω
1332 632 1365 653 ν.
1395 614 1564 666 ἐφεῖσθαι
1586 617 1658 665 γὰρ

202 682 314 726 αῧηις
347 683 426 728 ἐξῆν
463 684 592 724 αὐτοῖς
630 683 679 723 εἰς
715 680 946 730 δικαστήριον
979 680 1061 726 περὶ
1098 685 1161 722 τῆς
1194 680 1402 722 πολιτείας,
1437 678 1495 713 καὶ
1530 679 1558 713 εἰ
1589 676 1658 727 μὲν

202 745 388 790 ἑάλωσαν,
408 745 622 781 ἐπωλοῦντο
642 746 690 785 ὡς
710 744 815 788 ξένοι·
836 744 866 778 εἰ
889 740 924 778 Ee*
943 742 1006 790 μὴ,
1027 739 1235 777 ἐπανίεσαν
1253 740 1304 781 εἷς
1328 737 1425 783 τούς,
1450 738 1485 784 ἐξ
1511 735 1560 776 ὧν
1579 738 1661 783 ἐξώ-

204 804 367 852 σθησαν,
388 804 540 855 δήμους,
571 804 700 854 Etym.
723 804 781 840 M.
802 802 1022 853 ν.’Έφεσις.
1042 800 1116 837 col.
1137 803 1231 837 401.
1275 798 1392 836 Adde
1415 799 1546 838 Vales.
1564 799 1659 836 Not.

201 866 250 904 ad
282 867 475 916 Harpocr.
505 878 543 915 p.
573 869 641 903 20.
669 867 761 902 243.
793 862 1034 914 potissimum
1057 874 1149 899 vero
1180 862 1375 899 Maussae.
1407 861 1455 898 ad
1486 874 1573 911 pag.
1594 864 1659 898 43.

204 928 439 977 Harpocrat.
460 933 499 965 et
524 927 713 964 Budaeum
734 938 822 975 pag.
844 928 936 962 145.
962 923 1068 961 Edit.
1099 925 1261 960 Ascens.
1281 925 1400 959 1529.
1430 922 1591 960 Salmas.
1611 922 1659 959 de

204 990 262 1027 Μ’.
283 989 331 1026 U.
351 1001 440 1038 pag.
461 992 551 1028 751.
573 992 663 1027 752.
694 986 886 1037 [Dorville
907 985 955 1022 ad
977 984 1179 1022 Chariton.
1201 997 1240 1033 p.
1257 987 1321 1023 57.
1341 983 1471 1021 Vales.
1493 983 1541 1021 ad
1561 983 1660 1020 Har-

201 1062 309 1099 pocr.
329 1062 369 1099 p.
391 1053 455 1086 20.
475 1052 539 1085 40.
559 1052 652 1085 243.
679 1048 821 1096 Ἀποψ.
844 1047 953 1085 Suid.
972 1061 1009 1084 v.
1025 1044 1537 1096 Ἀπεψηφίσατο.”Εκλειψις.
1566 1046 1660 1084 Not.

201 1111 251 1149 ad
269 1111 389 1150 'Suid.
410 1111 506 1149 Not.
527 1110 576 1148 ad
607 1111 721 1148 Dem.
750 1123 823 1160 pro
851 1109 1100 1159 Ctesiphont.
1133 1108 1289 1158 Ulpian.
1311 1108 1430 1146 Petit.
1459 1109 1547 1147 Sch.
1572 1110 1659 1146 Ari-

200 1172 328 1222 stopli.
348 1172 547 1209 TAYLOR
568 1172 608 1209 in
629 1171 807 1219 schedis]
839 1171 1013 1223 [Corsin.
1032 1171 1133 1209 Fast.
1152 1171 1237 1208 Att.
1255 1182 1337 1220 par.
1356 1170 1386 1207 l.
1401 1169 1439 1209 d.
1456 1170 1501 1208 V.
1519 1174 1548 1217 ἓ.
1567 1170 1659 1222 VL]

203 1235 302 1271 Haec
331 1239 461 1271 autem
490 1233 578 1270 ideo
607 1246 630 1270 a
659 1247 718 1270 me
749 1233 866 1284 paulo
897 1232 1020 1270 fusius
1049 1231 1310 1278 deducuntur,
1341 1231 1538 1281 quoniam,
1571 1245 1660 1281 quae

203 1296 294 1341 dixi,
316 1295 516 1332 stabilient
544 1294 830 1332 insolentiorem
860 1307 943 1331 eam
965 1295 1071 1331 vocis
1094 1293 1387 1343 proprietatem,
1409 1299 1450 1330 et
1470 1293 1660 1343 quodam-

203 1357 322 1394 modo
334 1369 411 1394 una
428 1362 607 1394 enarrant
621 1369 774 1394 causam
792 1362 831 1393 et
847 1354 976 1392 sedem
994 1354 1110 1404 hujus
1128 1354 1341 1399 Orationis,
1356 1367 1433 1403 qua
1446 1354 1662 1392 Euxitheus

202 1433 224 1456 a
244 1420 321 1456 suis
342 1418 516 1470 δημόταις
545 1418 762 1463 damnatus,
783 1417 861 1454 sive
889 1415 1178 1468 α’ποφηψισέεὶς,
1208 1421 1398 1465 provocat
1418 1414 1467 1452 ad
1489 1415 1658 1460 Curiam,

202 1480 423 1530 Populique
442 1479 726 1517 auctoritatem.
777 1479 831 1515 Ea
853 1477 987 1527 utique
1009 1477 1235 1527 provocatio
1254 1484 1313 1514 est
1330 1477 1497 1528 '‘Epeo-te.
1547 1477 1660 1514 Unde

201 1542 286 1579 haec
314 1542 418 1579 actio
448 1541 526 1578 sive
556 1541 680 1578 oratio
709 1553 732 1577 a
762 1540 950 1589 magistris
981 1545 1170 1589 perpetuo
1191 1539 1347 1587 ’Έφεσις
1371 1538 1659 1588 appellabatur.

196 1604 388 1653 Harpocr.
410 1616 444 1640 v.
462 1602 631 1653 ”Εφεσις.
661 1605 681 1647 ἡ
701 1602 738 1648 ἐξ
754 1601 877 1652 ἑτέρου
898 1600 1131 1651 δικαστηρίου
1150 1603 1202 1642 εἷς
1223 1601 1344 1648 ἕτερον
1372 1602 1585 1649 μεταγωγή.
1608 1623 1659 1628 --

195 1664 452 1714 Δημοσθένους
483 1664 601 1711 λόγος
629 1664 728 1700 ἐστὶν
760 1664 1162 1713 ἐπιγραφόμενος,
1188 1662 1348 1713 ”Εφεσι
1364 1678 1381 1703 ς
1418 1678 1477 1712 πρ
1490 1662 1508 1699 ὁ
1522 1678 1540 1704 ς
1577 1662 1608 1698 E
1622 1664 1658 1698 ὑ·

196 1725 447 1773 βουλίδην.
478 1726 518 1762 ἐν
539 1725 574 1762 Ze
608 1728 657 1776 τῷ
684 1727 785 1775 λόγῳ
813 1726 924 1774 τούτῳ
954 1724 1136 1766 πολλάκις
1165 1724 1265 1760 ἐστὶν
1293 1725 1314 1767 ἡ
1335 1723 1503 1774 ’Έφεο-ις,
1534 1725 1592 1760 καὶ
1620 1724 1660 1761 τὸ

197 1788 362 1839 Ἐφεῖναι
388 1789 498 1839 ῥῆμα.

252 1849 474 1886 Eorundem
502 1847 768 1897 magistrorum
792 1846 1049 1883 constantiam
1075 1858 1233 1895 quoque
1264 1852 1303 1881 et
1333 1845 1554 1894 religionem
1586 1859 1660 1883 non

196 1910 330 1948 inutile
356 1910 428 1948 erit
448 1910 669 1954 observare,
692 1921 711 1945 a
735 1908 878 1958 quibus
900 1907 1035 1945 eadem
1065 1906 1191 1944 oratio
1219 1912 1412 1955 perpetuo
1438 1908 1559 1957 πρὸς
1586 1907 1657 1943 Εὐ-

195 1971 378 2019 βουλίδην
403 1971 639 2009 inscribitur.
699 1969 741 2006 Si
768 1975 1007 2018 accusasset,
1031 1968 1216 2017 inscripta
1242 1974 1345 2004 esset
1375 1968 1506 2017 utique
1540 1972 1656 2006 κατὰ

195 2032 444 2079 Εὐβουλίδου,
465 2046 541 2069 non
563 2048 620 2081 πρ
634 2032 652 2069 ὁ
667 2049 685 2074 ς
714 2029 964 2078 Εὐβουλίδην.
1023 2030 1081 2067 Ita
1103 2043 1146 2066 ea
1168 2029 1308 2075 oratio,
1325 2042 1403 2078 qua
1423 2032 1657 2068 Demosthe—

197 2108 264 2132 nes
286 2095 511 2132 AEseliinem
532 2093 744 2144 exagitavit
766 2093 817 2130 ob
840 2093 1070 2142 legationem
1093 2092 1190 2128 mala
1212 2090 1289 2128 fide
1306 2098 1465 2140 gestam,
1488 2092 1537 2129 ab
1558 2093 1657 2130 anti-

196 2157 399 2206 quioribus
436 2169 512 2192 uno
545 2169 623 2200 ore,
657 2158 780 2192 κατὰ
815 2154 1017 2206 Αἰσχίνου,
1051 2155 1091 2190 in
1128 2152 1367 2199 AEschinem,
1403 2153 1556 2198 dicitur,
1593 2154 1656 2191 illa

174 2218 329 2262 altera,
353 2229 430 2266 qua
451 2216 744 2266 Ctesiphontem
777 2216 964 2252 adversus
990 2214 1212 2252 AEschinem
1234 2213 1422 2257 defendit,
1448 2227 1658 2264 nunquam.

197 2279 262 2315 Sic
285 2278 450 2314 dicimus
469 2278 560 2328 πρὸς
577 2276 785 2322 Λεπτίνην,
808 2280 944 2313 contra
968 2276 1025 2312 vel
1047 2274 1228 2312 adversus
1250 2275 1467 2323 Leptinem,
1491 2283 1658 2314 attamen

197 2343 289 2377 κατὰ
311 2339 479 2385 Μειδίου,
497 2339 764 2389 Τιμοκράτους,
787 2345 853 2374 aut
872 2336 1193 2386 Ἀριστοκράτους,
1214 2337 1256 2373 in
1279 2337 1442 2374 Midian]
1463 2343 1538 2374 etc.
1588 2339 1658 2375 Se—

197 2401 274 2437 rior
295 2409 404 2444 aetas,
426 2408 544 2449 atque
567 2400 652 2437 haec
673 2406 817 2445 nostra,
840 2410 915 2434 non
936 2411 998 2441 eo,
1020 2411 1098 2447 quo
1121 2404 1248 2434 tamen
1271 2397 1421 2441 debuit,
1442 2411 1509 2435 usa
1530 2407 1589 2437 est
1609 2401 1657 2436 ri-

197 2474 288 2510 gore
309 2467 346 2497 et
367 2461 580 2510 diligentia.
637 2461 738 2498 Vide
769 2460 871 2497 istud
904 2459 1095 2496 socordiae
1118 2458 1417 2508 exprobrantem
1441 2459 1656 2498 Robortell.

200 2522 402 2559 Emendat.
432 2523 478 2559 T.
499 2523 550 2559 ΙΙ.
582 2522 687 2572 apud
720 2522 879 2558 Gruter.
911 2521 956 2557 C.
987 2519 1196 2556 XXXVII.
1227 2532 1265 2568 p.
1295 2523 1358 2557 63.
1389 2528 1425 2557 et
1459 2534 1546 2570 quae
1584 2535 1657 2557 uon

198 2583 335 2621 inscite
370 2583 418 2620 de
454 2582 525 2619 hac
559 2596 598 2619 re
632 2583 831 2620 annotavit
863 2583 1012 2618 Auctor
1046 2581 1269 2631 posterioris
1307 2583 1537 2631 Argumeuti
1568 2583 1656 2632 πρὸς

200 2645 406 2690 Λεπτίνην.

253 2710 351 2744 Sane
368 2705 522 2742 videtur
538 2704 586 2742 ad
610 2717 678 2741 nos
701 2710 949 2752 nostramque
968 2710 1123 2740 aetatem
1138 2703 1288 2752 integra
1307 2717 1381 2740 non
1399 2703 1658 2750 descendisse,

200 2780 286 2804 cum
317 2768 399 2804 haee
429 2766 569 2802 habeat
602 2765 797 2814 Harpocr.
827 2764 976 2809 Suidas,
1006 2771 1043 2801 et
1066 2765 1240 2801 Photius.
1265 2764 1511 2808 MS.1'1‹24.0‹;.
1542 2767 1658 2814 Ausim

230 2826 251 2849 Q

201 2830 337 2872 σι.ένης
362 2828 402 2864 ἐν
424 2829 467 2881 τῇ
487 2827 577 2876 πρὸς
606 2824 842 2872 Εἰνβουλίέην
870 2826 1001 2876 ἐφέσει.
1032 2824 1144 2875 δῆμος
1171 2835 1236 2870 τῆς
1254 2824 1524 2874 'Agusium-thn-
1546 2827 1564 2861 ι’)
1581 2826 1656 2862 Ηώ-

201 2905 275 2938 ρος,
305 2890 363 2924 καὶ
391 2889 409 2924 ὁ
440 2887 610 2938 δημότης,
641 2887 793 2937 Πόριος.
853 2887 902 2922 Ni
933 2887 1047 2936 igitur
1068 2886 1208 2936 Populi
1230 2885 1397 2933 alicujus
1418 2897 1570 2932 nornen,
1593 2901 1659 2924 cu-
