1915 3338
234 193 304 246 78

226 310 315 340 Prior
331 318 403 348 pars
420 317 522 338 eorum
539 308 700 336 verborum
721 307 756 335 ad
779 305 940 345 ἐπικλήρους

227 353 401 392 opimorum
414 352 558 380 honorum
571 350 703 379 heredes
714 350 867 388 pertinet;
885 359 940 387 po-

228 395 340 425 sterior
355 395 391 424 ad
409 393 570 433 ἐπικλήρους
590 393 699 432 inopes
717 397 748 421 et
764 392 940 421 destitutas.

229 441 275 468 Ac
301 437 420 477 priores
446 437 567 475 quidem
595 435 657 464 illae
683 435 813 473 amplam
840 433 940 463 litium

228 481 384 511 materiam
409 478 653 518 suppeditarunt,
673 488 739 507 cum
763 487 778 506 a
800 477 940 515 pluribus

231 526 456 562 expeterentur,
482 522 561 550 inter
585 531 662 558 quos
688 519 939 555 contendebatur,

231 566 300 606 quis
316 575 426 604 genere
443 569 526 594 esset
542 563 721 602 proximior,
737 563 819 602 quod
843 561 940 592 iera&-

229 608 384 638 κάσοισῧαι
399 607 552 641 dicebant,
574 612 605 636 et
626 606 738 645 puella,
756 606 794 635 de
812 615 872 644 qua
894 606 939 634 di-

231 653 437 691 sceptabatur,
468 648 604 682 ἒνῑσίδικος.
635 650 732 678 Isaeus
763 648 800 678 de
828 648 938 687 Pyrrh.

229 694 349 724 Hered.

396 693 540 722 Habebat
558 696 658 722 autem
681 692 781 720 locum
804 689 939 720 ἐπιδικα-

230 737 291 773 σία,
306 747 365 765 non
382 736 484 770 modo,
499 735 525 764 si
541 735 601 763 filia
618 744 686 769 uua,
703 739 753 763 aut
769 733 873 772 plures
889 744 954 773 su·-

229 780 373 818 perstites
389 783 485 813 erant,
502 777 566 806 sine
588 778 700 812 fratre3
725 777 779 805 sed
801 776 939 814 insuper,

229 823 267 858 si,
294 822 404 851 ceteris
428 821 457 850 in
481 819 702 849 matrimonium
727 819 817 852 datis,
838 818 940 856 aliqua

229 866 356 904 innupta
369 865 395 893 ei
410 867 474 893 erat
492 866 660 900 superstes.
676 862 775 890 Isaeus
787 860 862 890 ibid.
887 861 939 896 Et,

229 908 256 937 si
274 918 333 947 qua
348 918 365 936 a
381 911 467 946 patre
482 905 512 934 in
528 904 753 934 matrimonium
774 905 843 933 data
863 908 939 939 erat,

228 961 295 990 quae
313 954 383 990 post
401 951 466 987 ejus
490 952 619 977 mortem
640 947 803 976 exsisteret
823 945 939 977 ἐπίκλη-

227 1006 279 1034 ξος,
293 994 405 1022 licebat
418 991 520 1030 generi
536 991 681 1030 proximo
698 988 937 1019 ἐπιδικάσασθαιε

229 1037 382 1076 quomodo
405 1045 487 1074 saepe
507 1033 704 1072 contingebat
726 1043 854 1062 uxorem
877 1042 940 1061 ma-

228 1080 288 1110 rito
301 1078 424 1112 abduci,
438 1082 469 1106 et
480 1077 531 1106 alii
545 1076 729 1115 adjudicari.
754 1076 850 1105 Isaeus
864 1075 938 1104 ibid.

229 1123 332 1161 Atque
344 1123 489 1151 hactenus
506 1121 544 1149 de
557 1119 610 1155 iis,
624 1119 734 1158 quibus
746 1119 826 1148 bona
839 1118 940 1157 aliqua

228 1167 396 1195 obvenerat
411 1163 573 1193 hereditas.

271 1208 332 1238 Sed
356 1212 386 1236 et
410 1205 561 1245 sequioris
579 1203 767 1234 conditionis
789 1203 938 1243 ἐπίκληροι,

229 1251 267 1281 ad
285 1261 359 1290 quas
374 1250 421 1279 lex
444 1250 507 1282 illa,
525 1259 592 1287 quae
613 1258 674 1287 prae
690 1246 831 1276 manibus
848 1247 939 1275 habe-

228 1305 306 1330 rnuS,
323 1293 466 1333 pertinet,
482 1301 540 1320 uon
561 1291 708 1320 minorem
724 1290 831 1319 litibus
849 1299 938 1318 occa-

227 1337 342 1366 sionem
361 1336 529 1375 praebuere,
545 1344 613 1362 curn
631 1334 665 1367 ii,
681 1332 732 1371 qui
750 1333 939 1361 vocabantur

226 1380 332 1418 injus,
349 1383 382 1407 ut
398 1388 450 1406 eas
463 1378 610 1406 ducerent
627 1379 679 1404 aut
695 1375 846 1409 dotarent,
864 1385 938 1413 cog-

227 1428 315 1452 natos
332 1432 363 1451 se
378 1424 526 1459 negarent
542 1425 593 1449 aut
609 1419 686 1448 alios
709 1417 849 1447 dicerent
866 1428 937 1447 esse

227 1464 445 1506 proximiores.
483 1462 543 1491 Hae
562 1462 657 1501 igitur
673 1465 768 1497 erant,
786 1470 862 1499 quas
885 1460 938 1489 lex

228 1509 271 1538 ait
285 1506 318 1536 τὸ
338 1505 453 1537 θητικὸν
468 1505 571 1540 τελεῖν,
588 1505 618 1533 iu
638 1503 744 1533 ordine
768 1505 822 1532 τῶν
843 1502 938 1533 θητῶν

227 1550 354 1584 censeri,
379 1550 409 1578 h.
432 1559 459 1577 e.
485 1548 655 1576 intimorum
681 1546 806 1581 civium,
829 1546 936 1585 quales

227 1598 312 1624 erant
328 1592 390 1632 qui,
403 1601 471 1621 cum
484 1589 559 1619 nihil
575 1590 731 1628 proprium
743 1589 937 1627 possiderent

226 1642 277 1666 aut
288 1635 469 1675 pauxillum,
478 1634 604 1662 aliorum
615 1643 704 1671 agros
714 1632 858 1661 mercede
868 1631 938 1660 retl-

228 1680 325 1718 empti
348 1678 500 1713 colebant,
517 1680 570 1705 aut
592 1677 708 1705 artibus
732 1674 867 1703 sordidis
891 1674 937 1703 vi-

227 1728 288 1753 tam
305 1721 484 1751 tolerabant.
517 1719 569 1748 Sic
585 1718 700 1748 ἱππάδα
723 1718 815 1747 τελεῖν
837 1720 885 1746 est
907 1717 937 1746 ἱιι

228 1766 331 1795 ordine
355 1765 485 1804 equitum
511 1763 620 1791 censeri
635 1772 644 1797 ,·
677 1759 811 1800 ζευγίο-ιον
837 1760 937 1794 τελεῖν,

227 1808 336 1838 censeri
352 1809 381 1836 in
395 1807 496 1835 urdine
511 1807 565 1833 τῶν
576 1804 717 1843 ζευγιτῶν.
735 1804 836 1840 Etym.
852 1804 935 1840 Mag.

229 1862 258 1880 v.
281 1850 425 1890 ζευγίσ-ιον.
459 1848 550 1877 Solon
567 1852 698 1885 quatuor
719 1846 842 1875 ordines
865 1856 937 1874 con-

228 1894 381 1927 stituerat,
410 1896 539 1930 quatuor
565 1889 646 1923 τέλη,
677 1899 745 1927 quae
773 1888 937 1927 τιμήματα

228 1937 299 1967 ideo
315 1935 450 1974 appellat
465 1932 641 1972 Hesychius
656 1942 686 1961 v.
704 1930 846 1971 ζευγίσιον.
867 1931 936 1960 Vid.

228 1980 314 2010 Plut.
325 1979 353 2008 in
364 1978 470 2007 Solon.
487 1977 567 2005 Ante
580 1974 701 2004 Solonis
715 1974 937 2013 legislationem

230 2024 290 2052 duo
308 2025 394 2050 erant
407 2018 638 2050 Atheniensium
655 2018 790 2050 ordines,
806 2015 938 2056 εὐπατρί-

231 2066 280 2095 δων
295 2070 325 2093 et
341 2061 479 2102 ἀγροίκων.
510 2062 640 2099 Dionys.
656 2060 759 2089 Halic.
776 2060 797 2088 l.
813 2060 859 2088 ΙΙ.
875 2061 937 2088 An-

230 2108 285 2146 tiq.
301 2108 340 2136 R.
369 2106 452 2136 Plut.
466 2105 495 2134 in
511 2104 674 2133 Thes.tres
686 2102 810 2132 ordines
826 2102 937 2132 consti-

230 2152 346 2185 tuebat,
357 2146 536 2187 εὖποιτςίδων,
549 2146 704 2186 γεωμόρων,
718 2150 747 2175 et
762 2146 938 2185 δημιουργῶν.

229 2193 360 2224 Aristot.
375 2191 443 2220 Pol.
460 2191 480 2219 1.
498 2191 554 2218 IV.
569 2201 595 2218 c.
606 2192 635 2219 4.
653 2189 820 2227 quamlibet
839 2198 937 2227 remp.

231 2240 371 2266 constare
388 2233 440 2269 ait,
457 2232 488 2262 ἐκ
503 2234 552 2262 τοῦ
569 2232 657 2271 δήμου
677 2232 723 2261 καὶ
741 2234 795 2261 τῶν
817 2230 937 2270 λεγομέ-

229 2290 277 2309 νων
291 2276 440 2317 γνωρίμων,
455 2276 538 2314 δῆμον
554 2275 710 2314 appellans
726 2272 758 2303 τὸ
773 2272 894 2309 πλῆθος,
908 2278 939 2303 et

230 2320 377 2362 γνωρίμους
393 2320 443 2358 qui
465 2319 587 2357 opibus,
603 2317 747 2346 natalium
768 2317 939 2353 honestate,

230 2365 356 2398 virtute,
388 2362 570 2395 eruditione,
600 2367 628 2389 et
662 2359 823 2394 similibus,
853 2364 939 2388 erant

228 2406 360 2447 praediti.
406 2405 457 2433 Sic
476 2404 569 2442 igitur
586 2403 714 2442 γνώριμοι
732 2402 761 2431 in
782 2401 938 2440 plerisque

227 2449 356 2481 Graeciae
367 2447 557 2481 civitatibus,
569 2447 700 2475 maxime
716 2445 745 2473 in
761 2455 826 2484 rep.
841 2445 934 2473 Athe-

228 2492 339 2526 niensi,
355 2501 413 2520 uon
430 2496 490 2519 tam
505 2494 589 2519 erant
605 2489 732 2523 nobiles,
748 2498 836 2526 quam
851 2487 935 2524 n‹)ti;

227 2537 338 2576 quibus
360 2534 396 2563 ad
417 2533 547 2562 bonores
570 2536 599 2560 et
620 2531 815 2569 magistratus
835 2530 936 2559 aditus

228 2583 311 2610 esset
326 2576 462 2616 ejusdem
476 2575 597 2604 Solonis
615 2574 745 2612 legibus,
761 2573 871 2602 ceteris
885 2583 937 2602 oc—

228 2623 344 2652 clusus.
382 2619 471 2655 Quod
489 2622 597 2657 postea
613 2622 760 2645 mutatum
779 2620 837 2645 est.
878 2617 937 2645 Le-

229 2665 319 2704 gibus
343 2662 435 2701 igitur
459 2660 581 2690 Solonis
605 2659 704 2700 ἀρχαὶ,
732 2659 938 2697 magistratus,

231 2707 466 2737 conferebantur
490 2702 546 2732 ἀπὸ
570 2703 760 2741 τιμημάτων,
781 2706 871 2740 atque
899 2703 937 2730 ad

228 2761 280 2781 eos
296 2748 532 2779 admittebantur
548 2746 728 2784 quicumque
750 2748 834 2773 erant
851 2755 866 2772 e
883 2745 937 2773 tri-

227 2795 285 2823 bus
314 2791 376 2821 illis
402 2790 561 2823 classibus,
585 2786 937 2826 pentacosiomedimno-

227 2847 304 2870 rum,
322 2833 470 2872 equilum,
488 2836 520 2861 et
543 2829 744 2867 zeugitarum,
761 2829 804 2858 ita
826 2834 937 2864 tamen,

226 2885 260 2909 ut
275 2879 296 2907 ii
318 2876 534 2915 praeferrentur
550 2873 674 2912 saepius,
691 2882 818 2911 quorum
841 2873 938 2910 major

227 2926 293 2952 erat
308 2929 428 2954 census,
444 2928 511 2948 cum
529 2926 638 2946 census
656 2915 868 2954 magistratum
884 2915 938 2943 da-

225 2968 284 2994 ret.
303 2962 460 2995 Ceterum,
468 2965 541 3000 post
549 2959 689 2989 devictos
700 2959 822 2994 Persas,
833 2967 937 2987 omnes

225 3006 346 3037 tandem
373 3004 457 3034 cives
481 3002 699 3037 Athenienses,
722 3001 804 3032 nulla
827 3011 937 3030 census

644 190 1289 235 ΔΗΜΟΣΘΕΝΟΎΣ

975 303 1079 333 habita
1098 304 1228 339 ratione,
1247 302 1414 342 dignitates
1438 306 1468 332 et
1489 302 1686 343 magistratus

975 357 1135 385 capessere
1149 351 1323 386 potuerunt,
1340 345 1476 385 exceptis
1490 346 1541 381 iis,
1554 346 1605 385 qui
1619 345 1684 376 ἀδύ-

974 401 1051 419 νατοι
1073 389 1148 418 dicti
1166 390 1276 428 stipem
1301 400 1318 419 a
1341 389 1463 428 publico
1478 389 1683 427 accipiebant.

976 432 1060 462 Plut.
1077 432 1105 461 in
1122 432 1248 462 Aristid.
1271 431 1434 471 Antipater
1456 430 1533 469 reip.
1554 431 1684 461 admini-

976 475 1107 504 strandae
1123 476 1282 510 rationem,
1298 475 1397 514 qualis
1413 485 1429 504 a
1446 474 1557 503 Solone
1569 474 1685 503 consti-

975 522 1041 547 tuta
1057 524 1132 553 erat,
1146 518 1314 548 revocavit.
1345 518 1426 547 Plut.
1441 517 1471 546 in
1488 516 1637 546 Phocion.
1653 520 1684 545 et

975 561 1069 590 Diod.
1080 561 1141 590 Sic.
1156 561 1314 590 LXVIII.
1338 560 1501 598 Antipatro
1514 559 1683 594 exstincto,

974 603 1052 642 reip.
1068 605 1163 633 forma
1179 604 1216 633 ab
1231 614 1267 633 eo
1282 603 1448 633 constituta
1461 602 1607 638 concidit,
1620 611 1684 630 om-

975 657 1090 685 nesque
1105 646 1228 676 ordines
1245 647 1354 675 iterum
1375 645 1527 685 permisti,
1544 649 1575 674 et
1595 644 1684 674 cuili-

974 690 1026 718 bet
1043 689 1211 718 conditioni
1227 689 1330 718 aditus
1351 689 1388 718 ad
1412 688 1609 727 magistratus
1630 687 1683 716 da-

974 736 1034 766 tus,
1052 733 1104 761 sed
1122 742 1139 761 a
1160 731 1268 770 paucis
1285 736 1462 770 usurpatus,
1478 735 1510 760 et
1527 730 1582 760 vix
1600 734 1630 759 et
1645 740 1683 759 ne

974 774 1027 803 vix
1043 775 1167 813 quidem
1185 773 1271 807 ξ’τῆτες
1291 779 1321 803 et
1343 773 1436 803 infimi
1453 773 1571 802 ordinis
1586 772 1684 802 homi-

976 826 1041 851 nes,
1056 817 1107 856 qui
1128 815 1312 855 judiciorum
1336 816 1502 854 participes
1527 821 1623 850 erant,
1647 825 1684 844 eo

970 861 1039 897 jure
1051 860 1109 889 usi.
1123 859 1204 888 Plut.
1218 859 1247 888 in
1261 859 1363 888 Solon.
1378 860 1510 888 Isocrat.
1522 869 1550 887 c.
1562 858 1683 888 Lochit.

974 902 1104 932 Aristot.
1122 901 1217 931 Polit.
1234 902 1255 931 l.
1270 902 1318 932 Il.
1335 912 1362 932 c.
1379 902 1433 931 ult.
1468 902 1561 930 Nunc
1580 902 1618 930 ad
1642 900 1685 930 le-

974 955 1042 984 gem
1057 945 1245 974 redeundum
1263 950 1322 974 est.

1017 988 1082 1017 Lex
1099 988 1195 1026 igitur
1208 987 1349 1028 jubebat,
1365 987 1391 1016 si
1407 998 1474 1026 quae
1491 986 1592 1026 puella
1610 987 1685 1016 orba

973 1036 1067 1067 esset,
1083 1031 1195 1059 nullius
1211 1034 1262 1060 aut
1278 1030 1384 1069 exigui
1401 1040 1523 1065 census,
1538 1027 1571 1058 τὸ
1591 1029 1679 1059 θητι-

973 1072 1015 1102 κὸν
1031 1075 1168 1108 τελοῦσα,
1185 1083 1250 1102 eam
1272 1085 1289 1103 a
1313 1083 1423 1112 genere
1445 1073 1588 1111 proximo
1612 1071 1684 1101 duci

973 1121 1025 1145 aut
1039 1117 1148 1146 dotari.
1174 1116 1242 1146 Non
1255 1117 1423 1155 cogebatur
1437 1115 1463 1145 is
1478 1126 1542 1144 eam
1561 1125 1684 1144 uxorem

973 1160 1097 1195 ducere,
1112 1159 1137 1188 si
1155 1159 1261 1188 dotare
1275 1159 1379 1194 vellet,
1391 1159 1449 1188 etsi
1466 1158 1547 1188 aliud
1561 1158 1685 1188 videtur

974 1202 1089 1232 Pollux
1112 1202 1132 1231 l.
1150 1203 1214 1231 ΙΙΙ.
1237 1212 1265 1231 c.
1281 1204 1311 1232 3.
1334 1201 1489 1231 sensisse:
1516 1211 1573 1230 non
1596 1202 1683 1230 bene.

974 1245 1033 1274 Sed
1050 1255 1121 1274 num
1145 1245 1175 1274 ei
1200 1244 1307 1274 saltem
1325 1244 1530 1274 conditionem
1547 1253 1684 1282 quaerere

973 1289 1154 1317 tenebatur?
1182 1288 1220 1316 Id
1245 1287 1416 1326 significare
1439 1287 1585 1316 videntur
1607 1285 1685 1325 legis

974 1332 1086 1360 verba:
1112 1329 1239 1359 ἐκδιδότω
1261 1328 1379 1365 ἐπιδοὺς,
1400 1330 1496 1358 item:
1525 1328 1570 1359 ἐὰν
1591 1329 1619 1359 δὲ
1641 1330 1684 1368 μὴ

972 1372 1026 1414 ἐ’χῃ
1042 1374 1054 1402 ὁ
1069 1372 1221 1411 ἐγγύτατα
1241 1371 1341 1410 γένους,
1357 1372 1371 1403 ἢ
1387 1374 1429 1411 μὴ
1445 1371 1515 1411 ἐκδῷ
1528 1377 1588 1401 etc.
1622 1372 1685 1400 Ve-

972 1426 1038 1445 rum
1055 1426 1117 1445 rem
1137 1415 1226 1445 aliter
1248 1426 1281 1445 se
1303 1415 1446 1445 habuisse
1470 1415 1605 1445 ostendit
1626 1414 1685 1443 Te-

973 1459 1089 1488 rentius
1106 1459 1135 1488 in
1155 1458 1353 1494 Phormione,
1370 1458 1450 1497 apud
1467 1468 1558 1497 quem
1578 1457 1686 1487 Demi-

972 1502 1045 1541 pho,
1059 1504 1096 1531 A.
1113 1502 1159 1531 11.
1174 1512 1218 1531 sc.
1236 1504 1265 1530 1.
1281 1512 1310 1531 v.
1329 1503 1380 1531 65.

1153 1553 1268 1581 Verum
1286 1552 1311 1581 si
1328 1556 1456 1591 cognata
1472 1555 1519 1581 est
1535 1561 1686 1586 maxume,

1017 1597 1086 1626 Non
1104 1595 1162 1624 fuit
1177 1605 1306 1624 necesse
1324 1596 1457 1632 habere3
1482 1595 1535 1624 sed
1553 1595 1587 1624 id
1603 1595 1686 1633 quod

1059 1639 1111 1667 lex
1125 1638 1227 1676 jubet,

1017 1683 1129 1711 Dotem
1146 1680 1276 1710 daretis:
1297 1686 1437 1721 quoereret
1452 1679 1543 1710 alium
1559 1678 1670 1710 virum.

975 1734 1013 1763 Et
1029 1733 1102 1762 alibi
1115 1743 1121 1761 2

1018 1783 1087 1813 Etsi
1103 1783 1176 1813 mihi
1192 1783 1271 1812 faeta
1287 1782 1398 1822 injuria
1414 1787 1472 1818 est,
1487 1786 1685 1812 veruntamen

1016 1827 1124 1856 Potius
1141 1836 1228 1864 quam
1252 1826 1323 1855 lites
1345 1830 1456 1862 secter,
1473 1830 1525 1855 aut
1546 1835 1636 1864 quam
1656 1830 1686 1854 te

1059 1869 1192 1904 audiam,

1017 1911 1129 1942 Itidem
1152 1917 1185 1941 ut
1206 1915 1336 1950 cognata
1357 1910 1384 1940 si
1410 1910 1462 1946 sit,
1477 1910 1508 1940 id
1528 1910 1609 1950 quod
1633 1910 1685 1940 lex

1055 1956 1143 1993 jubet

1017 1998 1129 2027 Dotem
1145 1997 1238 2033 dare3
1253 1997 1364 2026 abduce
1379 1996 1473 2033 hanc3
1489 1995 1585 2025 minas
1598 1996 1686 2035 quin-

1060 2051 1118 2079 que
1135 2040 1254 2079 accipe.

973 2091 1115 2121 Notanda
1130 2091 1220 2120 etiam
1238 2094 1394 2129 postrema
1409 2089 1584 2125 ista,minas
1596 2090 1684 2128 quin-

973 2145 1026 2174 que
1043 2135 1152 2172 accipe.
1190 2134 1268 2163 Haec
1285 2133 1364 2162 enim
1380 2138 1446 2162 erat
1461 2142 1578 2162 summa
1594 2133 1686 2168 dotis,

976 2187 1066 2216 quam
1079 2177 1152 2205 dare
1165 2177 1345 2206 tenebantur
1360 2176 1500 2212 ditiores,
1515 2186 1566 2214 np.
1582 2175 1604 2204 οἱ
1620 2185 1685 2205 πεν·

974 2218 1236 2259 τακοσιομὲδιμνοι,
1251 2220 1317 2252 ταῖς
1332 2217 1489 2258 ἐπικλύζοις
1504 2217 1619 2248 θητικὸν
1636 2227 1684 2247 τε·

974 2262 1099 2296 zoaram.
1123 2263 1177 2291 Ait
1189 2262 1267 2292 enim
1278 2262 1329 2291 lex
1341 2258 1528 2294 πεντακοσίας
1538 2260 1684 2302 δραχμὰς,

974 2306 994 2334 i.
1010 2316 1039 2335 e.
1055 2305 1190 2344 quinque
1206 2305 1313 2334 minas.
1350 2304 1437 2334 Mina
1452 2303 1555 2333 Attica
1569 2304 1685 2342 pende-

974 2349 1024 2377 bat
1040 2348 1198 2377 drachmas
1215 2347 1332 2377 Atticas
1348 2352 1482 2376 centum.
1518 2346 1683 2385 Sequitur:

973 2390 1166 2430 ἀπογραφέτω
1179 2407 1191 2412 -
1203 2406 1215 2414 -
1228 2389 1362 2430 ἄρχοντα.
1392 2390 1485 2426 Quod
1500 2389 1543 2418 ait
1557 2390 1684 2429 ἀπαγξα-

970 2432 1061 2472 φὲτω,
1078 2433 1161 2462 idem
1183 2437 1231 2461 est
1252 2434 1310 2462 hoc
1328 2432 1410 2467 loco,
1426 2432 1508 2471 quod
1528 2431 1683 2469 εἰσαγγελ-

970 2476 1055 2505 λέτω.
1081 2477 1159 2506 Haec
1170 2475 1263 2505 verba
1275 2475 1428 2514 pertinent
1438 2476 1476 2504 ad
1491 2474 1683 2513 εἰσαγγελίαν.

970 2520 1053 2558 Ergo
1071 2520 1096 2548 si
1114 2519 1165 2558 qui
1182 2528 1217 2548 ea
1233 2518 1262 2547 in
1279 2529 1312 2548 re
1324 2519 1497 2554 cessabant,
1513 2518 1533 2547 i.
1548 2528 1577 2547 e.
1595 2518 1619 2546 si
1633 2528 1684 2547 or-

970 2563 1038 2591 bam
1063 2572 1175 2600 genere
1199 2562 1370 2600 proximam
1387 2571 1485 2600 ueque
1502 2561 1615 2590 ducere
1630 2571 1683 2590 ne-

970 2616 1029 2644 que
1046 2605 1153 2634 dotare
1170 2605 1324 2640 volebant,
1348 2607 1468 2642 poterat
1489 2604 1568 2634 civis
1589 2603 1683 2633 Athe-

970 2648 1086 2677 niensis
1110 2647 1244 2687 quilibet
1264 2657 1319 2676 eos
1339 2647 1460 2676 deterre
1480 2645 1554 2685 πρὸς
1574 2644 1621 2675 τὸν
1633 2646 1683 2685 ἄς-

969 2701 1074 2731 χοντα,
1099 2696 1130 2720 et
1158 2700 1249 2728 agere
1276 2690 1426 2722 κακώσεως
1443 2700 1450 2717 :
1480 2689 1533 2728 qui
1560 2689 1684 2718 Archon

970 2744 1062 2763 causa
1084 2734 1208 2773 cognita
1230 2743 1283 2762 eos
1303 2737 1359 2766 ,aut
1375 2733 1488 2761 ducere
1508 2736 1561 2760 aut
1575 2732 1683 2760 dotare

970 2776 1103 2814 puellam
1120 2777 1262 2815 cogebat,
1277 2774 1338 2804 ὅό-ον
1353 2773 1400 2805 ἐπ’
1410 2774 1501 2813 αὐτῷ,
1517 2783 1609 2804 causa
1624 2774 1684 2803 sci-

970 2820 1041 2848 licet
1069 2820 1099 2848 in
1124 2818 1275 2858 judicium
1302 2817 1456 2855 deducta3
1489 2827 1556 2856 quae
1584 2817 1685 2846 omnia

972 2862 1112 2902 explicat
1131 2862 1287 2899 eleganter
1303 2860 1446 2890 Phormio
1467 2860 1548 2900 apud
1570 2860 1684 2889 Teren-

970 2904 1058 2940 tium,
1073 2906 1142 2934 Act.
1161 2904 1188 2933 I.
1207 2914 1252 2933 sc.
1267 2905 1298 2932 9.
1314 2914 1344 2933 v.
1360 2904 1413 2934 75.
1631 2918 1633 2920 ·

1015 2956 1080 2985 Lex
1098 2959 1156 2989 est,
1175 2959 1207 2984 ut
1224 2955 1319 2989 orbae,
1331 2953 1383 2993 qui
1401 2957 1469 2984 sunt
1485 2963 1598 2993 genere
1613 2963 1686 2993 pro-

1058 3007 1157 3034 xunu,
