1931 3322
174 171 402 228 ΚΑΤΑ
459 183 920 226 ΣΤΕΦΑΝΟΥ
976 184 1357 226 ΨΕΥΔΟΜ.
1418 186 1468 227 Β.
1528 180 1630 234 149

172 297 358 360 θῆνοιι,”
335 322 403 349 οτι
426 296 676 359 1διοιθῆκοις
703 294 835 354 ουὸεις
861 319 1045 348 mon-ore
1072 294 1338 388 οἷντιγραφα
1365 294 1626 358 {vomo-0⁶70·

171 372 306 424 α’λλοὶ
344 373 612 464 συγγραφῶν
650 395 747 440 μεν,
778 369 850 422 ἵνα
890 367 1034 422 eldeum
1065 393 1144 421 και
1183 369 1248 440 μὴ
1283 369 1632 458 παραβαινωο-ι,

172 444 396 508 &affinem
423 444 465 498 δε
492 444 555 496 οὔ.
585 444 736 496 τούτου
762 443 831 510 702
881 467 1007 495 evena
1035 443 1394 496 καταλειπουσιν
1422 443 1459 494 οἷ
1489 441 1633 494 διατι-

172 519 411 590 &meumst
385 544 457 572 ινα
481 517 635 589 μηδεὶς
656 516 798 588 εἷὸᾖοι
789 469 855 571 Ξ

852 516 1116 570 ἰατιθὲνταί.
1147 542 1243 576 πως
1271 517 1338 569 Οὐν
1365 541 1485 586 υμέίς
1512 541 1633 580 ΗΤΤΕ,

172 618 241 645 ΟΤΙ
268 592 538 685 αντιγραφθόΙ
562 616 659 645 ΕΟἻἾ
697 617 782 644 ‘nov
825 591 1043 654 ὃίαὲᾞκων
1082 616 1167 643 va
1210 593 1457 653 Πασίωνος,
1492 616 1554 642 7oe
1599 616 1638 643 ἓν

175 669 237 735 τῷ
262 690 565 740 γραμματειῳ
592 691 896 757 γεγραμμενα,
910 686 920 723 ;

292 742 307 759 Ι

250 765 319 801 ις.
363 741 538 811 Δεομαι
571 738 612 792 ὃ
639 765 755 812 υμων
783 739 1022 803 οἷτιταντων,
1056 740 1090 791 ὠ
1115 738 1263 816 ἄνδρες
1289 736 1525 802 Sinam-ou,
1561 762 1640 790 και

175 813 371 875 ἷκετευω,
393 816 611 877 βοηθῆσαι
640 840 718 885 μεν
746 814 860 885 ἔμοι,
890 811 1228 885 τιμωρήσασθαι
1257 811 1299 865 δε
1327 837 1429 872 τους
1456 813 1642 883 ἑτοίμως

175 887 286 940 ου’-τω
314 913 376 941 7·oe
403 887 544 957 ψευδῆ
580 913 929 982 μαρτυρουντας,
956 912 1069 956 οπερ
1106 912 1155 940 τε
1198 912 1318 958 υμων
1354 911 1518 948 ocu-scot),
1562 911 1641 938 και

175 962 296 1033 ἓμου,
326 987 405 1014 και
435 987 510 1016 του
540 961 729 1027 danaim),
757 988 836 1016 και
865 987 949 1015 των
977 986 1127 1033 νομων.

835 1086 844 1104 ¹
858 1085 998 1116 διαθηκῶν

174 1176 324 1213 oratione,
355 1178 543 1218 Stephanum
572 1186 601 1209 et
629 1180 706 1210 alios
732 1179 893 1217 quosdam,
931 1178 1132 1209 sthenislocis
1145 1180 1281 1219 persuasi
1293 1180 1579 1219 penesnmus,illnd
1590 1188 1644 1220 φη-

175 1230 244 1249 cum
263 1221 297 1250 de
310 1222 474 1251 conditione
493 1223 605 1259 delata,
627 1223 687 1263 περὶ
704 1222 894 1261 προκλήσεως,
928 1222 958 1252 σῖ
970 1223 1005 1251 ad
1018 1223 1236 1253 Phormionem
1245 1223 1448 1257 referendum,
1464 1224 1513 1261 qni
1529 1223 1645 1252 dixerit

175 1268 292 1293 tantum
308 1268 403 1294 testes
426 1265 511 1294 citati
534 1271 646 1300 essent,
669 1266 760 1295 etiam
786 1267 825 1294 de
849 1271 894 1294 te·
928 1268 1143 1304 γξαμματεῖον,
1161 1267 1227 1296 sive
1243 1268 1389 1305 scriptum
1406 1266 1495 1301 illud,
1511 1267 1592 1304 quod
1611 1266 1643 1295 iu

176 1310 325 1336 stamento
349 1307 491 1337 Pasionis
515 1313 567 1338 aut
590 1310 655 1347 ejus
679 1308 822 1347 exemplo
845 1313 894 1338 te-

177 1349 354 1379 stimonium
371 1350 500 1380 dixisse.
516 1350 654 1382 ἢκοὺα-ατε
671 1368 684 1374 -
695 1368 708 1374 ·
720 1369 731 1373 -
748 1350 892 1381 maehum:

176 1396 208 1420 et
223 1397 332 1430 postea
348 1393 393 1433 [p.
411 1396 484 1423 117.
502 1404 530 1423 v.
549 1394 614 1433 10.]
637 1395 658 1423 οἱ
678 1393 705 1423 δὲ
721 1394 758 1435 τῇ
773 1394 894 1433 ‘rt-gonzii-

176 1444 219 1463 σει
230 1453 272 1457 --
281 1453 294 1458 -
304 1452 316 1457 -
326 1435 487 1475 ἀδικοῦμαι.
513 1437 588 1466 Ρο5ι
596 1437 711 1466 dietum
724 1437 820 1476 igitur
832 1437 894 1476 πεξὶ

176 1478 355 1517 πξωιλῆσεως
386 1479 604 1514 testimonium,
643 1480 701 1508 hoc
736 1480 895 1518 adjecerat

177 1520 363 1559 Stephanus,
392 1522 554 1561 scriptum,
578 1523 659 1560 quod
690 1522 721 1551 in
740 1522 892 1551 echinum

176 1565 350 1602 conjecerat
369 1565 527 1600 Phormio,
552 1564 724 1594 testamenti
748 1565 893 1595 Pasionis

176 1606 351 1645 exemplum
369 1617 458 1644 esse3
483 1608 563 1646 quod
586 1608 611 1637 si
635 1618 691 1637 suo
713 1608 781 1638 loco
798 1608 894 1637 collo-

176 1650 308 1684 caveris,
330 1651 412 1688 quod
430 1661 485 1680 nos
502 1650 638 1686 fecimus,
655 1651 768 1680 clarum
786 1651 845 1680 erit
861 1651 892 1680 id

176 1692 396 1729 testimonium,
413 1694 496 1732 quod
513 1699 600 1723 antea
621 1699 686 1723 erat
709 1693 893 1723 obscurissi-

176 1744 269 1770 mum,
297 1735 358 1765 imo
381 1737 462 1774 quod
486 1737 656 1765 consistere
679 1746 738 1765 non
759 1741 893 1776 poterat.

176 1777 254 1806 Sane
267 1778 334 1807 haec
345 1778 400 1814 ita,
416 1778 437 1808 i.
455 1790 482 1808 e.
498 1779 556 1808 hoc
572 1780 679 1809 ordine
696 1790 764 1809 esse
777 1780 893 1818 scripta

175 1824 378 1859 praeterquam
397 1821 475 1851 ratio
499 1823 625 1858 evincit,
642 1823 779 1852 ostendit
801 1822 893 1852 etiam

177 1863 271 1898 clare,
294 1874 352 1893 non
377 1875 436 1894 uno
462 1865 543 1901 loco,
574 1866 811 1895 Demosthenes.
848 1867 892 1895 Ao

176 1905 319 1943 primum¹
339 1912 412 1945 post
427 1908 631 1938 testimonium
651 1909 823 1943 recitatum,
841 1908 892 1938 ubi

177 1948 294 1978 1ltud1n
305 1950 522 1989 compendium
532 1952 647 1981 confert
665 1950 711 1990 [p.
724 1955 794 1982 115.
806 1962 836 1980 v.
846 1951 891 1991 2.]

179 1989 280 2022 ’ἑο-τιδῆ
289 2001 448 2032 μεμαρτμ
481 1991 614 2024 -ἓκείνων,
639 1994 732 2031 Quod
745 1999 852 2034 aperte
863 1999 893 2023 ct

180 2044 236 2063 suo
250 2035 327 2064 ordi.
322 2046 357 2064 ne
369 2040 418 2065 est
428 2036 556 2066 dictum.
580 2037 669 2066 Idem
680 2038 712 2066 ΙΙ
725 2038 832 2077 Steph.
848 2048 893 2067 or.

180 2075 206 2115 §.
217 2075 250 2106 δ’.
272 2077 370 2107 Vides
382 2078 513 2108 lnslocts
525 2079 676 2115 omnibus,
687 2080 894 2109 testimonium

182 2119 280 2149 veluti
295 2121 333 2149 de
348 2122 523 2150 conditione
540 2122 642 2151 delata
656 2123 751 2152 fuisse
768 2123 895 2158 dictum,

183 2172 287 2191 verum
299 2164 338 2193 de
349 2164 490 2193 Pasionis
503 2166 803 2203 testamento,deque
813 2165 897 2194 illius

183 2205 326 2244 exemplo
339 2205 436 2236 fuisse
450 2207 653 2245 interjectum.
677 2207 712 2236 ln
726 2208 898 2246 adjectione

184 2252 285 2277 autem
301 2248 354 2277 itta
374 2247 390 2279 ’ἦ
405 2250 462 2289 μήν
477 2256 547 2288 φησι
569 2255 628 2279 etc.
646 2250 725 2279 illud
745 2249 816 2290 φησὶ
839 2261 900 2289 quo

185 2295 269 2320 esset
283 2292 488 2328 referendum,
505 2292 557 2322 diu
575 2292 796 2328 dubitavimus,
810 2298 901 2332 atque

184 2332 356 2363 etiamnunc
365 2335 550 2365 dubitamus.
575 2336 835 2366 Existimabamus
848 2337 903 2374 igi-

185 2381 235 2405 tur
247 2387 314 2406 cum
327 2377 406 2413 aliis,
419 2379 455 2407 ad
468 2377 655 2417 Stephanum
668 2383 775 2409 testem
789 2379 820 2408 id
832 2390 903 2418 per-

186 2419 297 2455 tinere,
323 2420 375 2459 qui
401 2422 542 2460 quoniam
573 2421 718 2451 Phormio
741 2423 779 2451 de
811 2427 904 2451 testa-

187 2466 290 2491 mento
322 2463 464 2493 Pasionis
500 2464 665 2503 aperiendo
698 2465 904 2494 conditionem

188 2504 312 2540 tulerat,
333 2509 425 2545 atque
441 2506 473 2535 id
489 2507 668 2536 testimonio
684 2518 738 2537 suo
759 2508 906 2538 retulerat

188 2547 371 2586 Stephanus,
385 2549 442 2578 sibi
457 2555 564 2588 postea
576 2559 684 2580 cavere
701 2550 843 2584 voluerit,
859 2551 905 2580 di-

190 2590 298 2626 cendo,
315 2601 372 2621 non
386 2592 425 2621 de
441 2597 622 2622 testamento
639 2603 671 2622 se
689 2593 786 2631 toqui,
799 2594 854 2622 sed
867 2595 907 2623 de

191 2634 364 2664 testamenti
389 2635 543 2676 exemplo.
565 2636 679 2666 Verum
700 2636 769 2666 aliis
794 2637 907 2666 Demo-

929 1308 1070 1337 echinum
1081 1311 1252 1348 conjecerat
1260 1311 1341 1348 apud
1351 1310 1509 1343 arbitrum,
1519 1319 1587 1338 esse
1598 1314 1643 1338 te-

929 1352 1070 1380 stamenti
1084 1352 1224 1382 Pasionis
1241 1353 1428 1391 exemplum,
1440 1352 1489 1381 vel
1508 1357 1592 1381 certe
1610 1351 1643 1380 id

927 1393 970 1422 ita
986 1394 1069 1423 credi
1083 1396 1268 1433 Stephanum
1282 1395 1433 1431 voluisse3
1457 1398 1548 1432 atque
1567 1395 1643 1423 illud

928 1436 1012 1474 φησὶν
1022 1437 1053 1465 in
1067 1438 1133 1475 ejus
1146 1438 1333 1473 testimonio,
1344 1448 1403 1467 non
1413 1437 1644 1475 intelligendum

929 1480 966 1508 de
980 1489 1024 1514 se,
1036 1480 1090 1508 sed
1105 1480 1142 1508 de
1160 1481 1363 1509 Phormione:
1384 1480 1463 1518 quod
1478 1485 1508 1508 ut
1520 1481 1642 1510 credam

927 1521 971 1550 ita
984 1532 1016 1551 se
1041 1522 1162 1557 habere,
1178 1523 1252 1552 facit
1269 1523 1312 1558 id,
1330 1523 1411 1561 quod
1428 1523 1469 1551 ait
1483 1524 1515 1552 11
1534 1523 1642 1562 Steph.

928 1574 972 1594 or.
989 1564 1014 1603 §.
1029 1563 1052 1594 ἑ.
1070 1570 1153 1595 certe
1170 1566 1371 1605 Stephanum,
1387 1576 1454 1595 cum
1472 1565 1542 1594 falsi
1556 1566 1642 1595 testi-

927 1608 1019 1637 monii
1037 1608 1261 1638 accusationem
1277 1608 1422 1647 defugere
1434 1608 1539 1643 veliet,
1554 1609 1583 1637 id
1602 1609 1645 1638 ita

927 1650 1159 1689 interpretatum
1178 1662 1258 1681 esse.
1282 1652 1328 1680 Ac
1344 1651 1454 1680 deinde
1471 1651 1501 1679 in
1518 1661 1554 1680 eo
1571 1662 1647 1690 quo-

927 1704 985 1732 que
999 1699 1103 1724 contra
1120 1695 1204 1734 leges
1217 1700 1376 1733 peceatum
1394 1694 1561 1729 contendit,
1577 1706 1644 1733 quae

929 1742 1032 1766 vetant
1054 1735 1154 1776 ζῶντος
1175 1738 1254 1768 ἀκοὴν
1268 1737 1430 1777 μαξτυρεῖν,
1453 1739 1554 1766 testari
1569 1739 1645 1776 quod

927 1781 989 1819 quis
1004 1789 1036 1809 ex
1050 1780 1148 1819 aliquo
1162 1781 1264 1810 adhuc
1279 1781 1310 1810 in
1329 1782 1400 1810 vivis
1417 1785 1522 1820 agente
1542 1781 1645 1810 audie-

924 1824 979 1857 rit,
1002 1826 1033 1852 et
1054 1822 1136 1853 αὐτὸν
1157 1823 1237 1863 αὐτῷ
1254 1823 1415 1863 μαρτυξεῖγ,
1443 1824 1568 1862 aliquem
1593 1824 1645 1853 sibi

926 1866 980 1903 ipsi
1004 1866 1197 1895 testimonium
1218 1867 1333 1896 dicere:
1358 1866 1437 1895 unde
1458 1866 1502 1895 ita
1522 1867 1646 1895 conclu-

927 1909 985 1944 dit,
1001 1907 1028 1939 ὁ.
1045 1906 1082 1942 ς’.
1104 1907 1214 1938 ὁτοίνυν
1233 1907 1356 1949 Φοξμίων
1376 1913 1435 1938 etc.
1473 1910 1517 1938 Ut
1540 1913 1574 1938 ut
1596 1909 1647 1945 sit,

928 1956 998 1990 post
1014 1951 1222 1981 testimonium
1246 1952 1306 1992 περὶ
1322 1952 1499 1991 προκλήσεως
1519 1961 1555 1980 ea
1579 1962 1648 1982 esse

929 1994 1068 2023 addenda
1080 1994 1154 2023 satis
1166 1995 1228 2032 jam
1242 2000 1381 2024 constare
1392 1994 1542 2030 arbitron
1567 1995 1648 2024 unde

929 2036 1068 2071 efficitur,
1084 2037 1179 2066 verba
1196 2037 1266 2073 ista,
1283 2047 1349 2075 quae
1364 2042 1434 2075 post
1456 2035 1564 2066 ἐθέλειν
1579 2036 1648 2066 ἀνοί-

929 2090 985 2117 γειν
1008 2079 1052 2108 ibi
1075 2080 1232 2118 leguntur,
1265 2090 1332 2109 esse
1357 2079 1497 2114 delenda,
1529 2090 1568 2109 ex
1595 2080 1648 2115 iis,

932 2133 998 2161 quae
1015 2122 1114 2151 alieno
1137 2122 1205 2151 loco
1229 2122 1379 2151 collocata
1401 2128 1486 2151 erant
1507 2123 1650 2162 repetita.

933 2164 970 2194 In
987 2165 1185 2194 Anima(lv.z'n
1200 2164 1322 2194 Salmas.
1343 2164 1421 2195 obss.
1438 2165 1478 2194 ud
1494 2164 1551 2194 Jus
1570 2166 1607 2195 A.
1624 2172 1651 2196 et

935 2207 974 2238 R.
987 2207 1008 2236 l.
1026 2208 1070 2236 11.
1087 2218 1114 2236 c.
1130 2207 1167 2236 V.
1184 2207 1210 2246 ᾗ.
1228 2208 1302 2236 VII.
1319 2218 1385 2246 sqq.
1409 2207 1615 2239 HERALDUS.

979 2249 1120 2283 Διαθήκας
1146 2268 1187 2272 —
1209 2251 1384 2290 ἀντίγξαφα]
1416 2251 1575 2280 Correctio
1601 2256 1649 2281 est

936 2293 1158 2331 imperitorum,
1171 2295 1254 2331 quod
1267 2294 1390 2331 legitur,
1405 2293 1552 2323 διαθηκῶν.
1569 2295 1649 2324 Nam

937 2335 1119 2366 Atticismus
1140 2341 1198 2370 est,
1214 2334 1346 2369 διαθήκαις
1359 2334 1498 2365 ποιεῖσθαι
1519 2337 1650 2376 ἀντίγρα-

938 2387 980 2418 φα
994 2389 1047 2418 pro
1059 2378 1091 2407 ἐκ
1104 2377 1235 2409 διαθηκῶν
1246 2376 1406 2418 ἀντίγραφα
1421 2377 1581 2410 ποιεῖσθαι.
1610 2379 1628 2409 I
1630 2392 1649 2410 ιι

941 2423 1018 2451 Obss.
1029 2422 1067 2450 ad
1078 2420 1134 2450 Jus
1147 2422 1184 2450 A.
1199 2427 1226 2450 et
1239 2421 1277 2451 R.
1292 2432 1322 2459 p.
1337 2424 1409 2451 208.
1433 2423 1649 2452 SALMAsws.

940 2465 1015 2496 Vid.
1032 2475 1063 2502 p.
1081 2466 1154 2494 535.
1169 2474 1199 2492 v.
1215 2464 1271 2493 ult.
1282 2464 1341 2493 voi.
1360 2465 1422 2493 111.

984 2505 1226 2546 Καταλείπουσιν]
1266 2506 1454 2546 Relinquunt
1481 2507 1501 2537 i.
1522 2517 1550 2536 e.
1580 2513 1650 2537 ante

941 2556 1060 2580 mortem
1075 2560 1130 2579 non
1146 2550 1313 2590 proferunt.
1337 2549 1484 2579 Reiskius
1499 2555 1585 2588 putat
1599 2550 1650 2579 hio

942 2593 1052 2622 deesse
1082 2591 1404 2633 κατασεσημασμένας,
1429 2593 1498 2622 huie
1521 2592 1650 2622 libenter

943 2635 1105 2666 assentior.
1126 2636 1264 2666 Avenn-

839 2796 1008 2816 ss
